%YAML 1.1
%TAG !u! tag:unity3d.com,2011:
--- !u!29 &1
OcclusionCullingSettings:
  m_ObjectHideFlags: 0
  serializedVersion: 2
  m_OcclusionBakeSettings:
    smallestOccluder: 5
    smallestHole: 0.25
    backfaceThreshold: 100
  m_SceneGUID: 00000000000000000000000000000000
  m_OcclusionCullingData: {fileID: 0}
--- !u!104 &2
RenderSettings:
  m_ObjectHideFlags: 0
  serializedVersion: 9
  m_Fog: 0
  m_FogColor: {r: 0.5, g: 0.5, b: 0.5, a: 1}
  m_FogMode: 3
  m_FogDensity: 0.01
  m_LinearFogStart: 0
  m_LinearFogEnd: 300
  m_AmbientSkyColor: {r: 0.212, g: 0.227, b: 0.259, a: 1}
  m_AmbientEquatorColor: {r: 0.114, g: 0.125, b: 0.133, a: 1}
  m_AmbientGroundColor: {r: 0.047, g: 0.043, b: 0.035, a: 1}
  m_AmbientIntensity: 1
  m_AmbientMode: 0
  m_SubtractiveShadowColor: {r: 0.42, g: 0.478, b: 0.627, a: 1}
  m_SkyboxMaterial: {fileID: 10304, guid: 0000000000000000f000000000000000, type: 0}
  m_HaloStrength: 0.5
  m_FlareStrength: 1
  m_FlareFadeSpeed: 3
  m_HaloTexture: {fileID: 0}
  m_SpotCookie: {fileID: 10001, guid: 0000000000000000e000000000000000, type: 0}
  m_DefaultReflectionMode: 0
  m_DefaultReflectionResolution: 128
  m_ReflectionBounces: 1
  m_ReflectionIntensity: 1
  m_CustomReflection: {fileID: 0}
  m_Sun: {fileID: 170076734}
  m_IndirectSpecularColor: {r: 0.4461792, g: 0.49074477, b: 0.5465058, a: 1}
  m_UseRadianceAmbientProbe: 0
--- !u!157 &3
LightmapSettings:
  m_ObjectHideFlags: 0
  serializedVersion: 11
  m_GIWorkflowMode: 0
  m_GISettings:
    serializedVersion: 2
    m_BounceScale: 1
    m_IndirectOutputScale: 1
    m_AlbedoBoost: 1
    m_EnvironmentLightingMode: 0
    m_EnableBakedLightmaps: 1
    m_EnableRealtimeLightmaps: 0
  m_LightmapEditorSettings:
    serializedVersion: 10
    m_Resolution: 2
    m_BakeResolution: 10
    m_AtlasSize: 512
    m_AO: 0
    m_AOMaxDistance: 1
    m_CompAOExponent: 1
    m_CompAOExponentDirect: 0
    m_Padding: 2
    m_LightmapParameters: {fileID: 0}
    m_LightmapsBakeMode: 1
    m_TextureCompression: 1
    m_FinalGather: 0
    m_FinalGatherFiltering: 1
    m_FinalGatherRayCount: 256
    m_ReflectionCompression: 2
    m_MixedBakeMode: 2
    m_BakeBackend: 1
    m_PVRSampling: 1
    m_PVRDirectSampleCount: 32
    m_PVRSampleCount: 256
    m_PVRBounces: 2
    m_PVRFilterTypeDirect: 0
    m_PVRFilterTypeIndirect: 0
    m_PVRFilterTypeAO: 0
    m_PVRFilteringMode: 1
    m_PVRCulling: 1
    m_PVRFilteringGaussRadiusDirect: 1
    m_PVRFilteringGaussRadiusIndirect: 5
    m_PVRFilteringGaussRadiusAO: 2
    m_PVRFilteringAtrousPositionSigmaDirect: 0.5
    m_PVRFilteringAtrousPositionSigmaIndirect: 2
    m_PVRFilteringAtrousPositionSigmaAO: 1
    m_ShowResolutionOverlay: 1
  m_LightingDataAsset: {fileID: 0}
  m_UseShadowmask: 1
--- !u!196 &4
NavMeshSettings:
  serializedVersion: 2
  m_ObjectHideFlags: 0
  m_BuildSettings:
    serializedVersion: 2
    agentTypeID: 0
    agentRadius: 0.5
    agentHeight: 2
    agentSlope: 45
    agentClimb: 0.4
    ledgeDropHeight: 0
    maxJumpAcrossDistance: 0
    minRegionArea: 2
    manualCellSize: 0
    cellSize: 0.16666667
    manualTileSize: 0
    tileSize: 256
    accuratePlacement: 0
    debug:
      m_Flags: 0
  m_NavMeshData: {fileID: 0}
--- !u!1001 &35411400
PrefabInstance:
  m_ObjectHideFlags: 0
  serializedVersion: 2
  m_Modification:
    m_TransformParent: {fileID: 0}
    m_Modifications:
    - target: {fileID: 100146, guid: df3d054aa1d07254690806b6c13b55a6, type: 3}
      propertyPath: m_Name
      value: Jump_FINAL_IP
      objectReference: {fileID: 0}
    - target: {fileID: 100148, guid: df3d054aa1d07254690806b6c13b55a6, type: 3}
      propertyPath: m_IsActive
      value: 0
      objectReference: {fileID: 0}
    - target: {fileID: 100150, guid: df3d054aa1d07254690806b6c13b55a6, type: 3}
      propertyPath: m_IsActive
      value: 0
      objectReference: {fileID: 0}
    - target: {fileID: 100186, guid: df3d054aa1d07254690806b6c13b55a6, type: 3}
      propertyPath: m_IsActive
      value: 0
      objectReference: {fileID: 0}
    - target: {fileID: 100188, guid: df3d054aa1d07254690806b6c13b55a6, type: 3}
      propertyPath: m_IsActive
      value: 0
      objectReference: {fileID: 0}
    - target: {fileID: 400146, guid: df3d054aa1d07254690806b6c13b55a6, type: 3}
      propertyPath: m_LocalPosition.x
      value: 1.33
      objectReference: {fileID: 0}
    - target: {fileID: 400146, guid: df3d054aa1d07254690806b6c13b55a6, type: 3}
      propertyPath: m_LocalPosition.y
      value: 0
      objectReference: {fileID: 0}
    - target: {fileID: 400146, guid: df3d054aa1d07254690806b6c13b55a6, type: 3}
      propertyPath: m_LocalPosition.z
      value: -0.31
      objectReference: {fileID: 0}
    - target: {fileID: 400146, guid: df3d054aa1d07254690806b6c13b55a6, type: 3}
      propertyPath: m_LocalRotation.x
      value: 0
      objectReference: {fileID: 0}
    - target: {fileID: 400146, guid: df3d054aa1d07254690806b6c13b55a6, type: 3}
      propertyPath: m_LocalRotation.y
      value: 0
      objectReference: {fileID: 0}
    - target: {fileID: 400146, guid: df3d054aa1d07254690806b6c13b55a6, type: 3}
      propertyPath: m_LocalRotation.z
      value: 0
      objectReference: {fileID: 0}
    - target: {fileID: 400146, guid: df3d054aa1d07254690806b6c13b55a6, type: 3}
      propertyPath: m_LocalRotation.w
      value: 1
      objectReference: {fileID: 0}
    - target: {fileID: 400146, guid: df3d054aa1d07254690806b6c13b55a6, type: 3}
      propertyPath: m_RootOrder
      value: 5
      objectReference: {fileID: 0}
    - target: {fileID: 400146, guid: df3d054aa1d07254690806b6c13b55a6, type: 3}
      propertyPath: m_LocalEulerAnglesHint.x
      value: 0
      objectReference: {fileID: 0}
    - target: {fileID: 400146, guid: df3d054aa1d07254690806b6c13b55a6, type: 3}
      propertyPath: m_LocalEulerAnglesHint.y
      value: 0
      objectReference: {fileID: 0}
    - target: {fileID: 400146, guid: df3d054aa1d07254690806b6c13b55a6, type: 3}
      propertyPath: m_LocalEulerAnglesHint.z
      value: 0
      objectReference: {fileID: 0}
    - target: {fileID: 9500000, guid: df3d054aa1d07254690806b6c13b55a6, type: 3}
      propertyPath: m_Controller
      value: 
      objectReference: {fileID: 9100000, guid: a55ba7631781d7640ab9b810c71bac96, type: 2}
    m_RemovedComponents: []
  m_SourcePrefab: {fileID: 100100000, guid: df3d054aa1d07254690806b6c13b55a6, type: 3}
--- !u!1001 &68336382
PrefabInstance:
  m_ObjectHideFlags: 0
  serializedVersion: 2
  m_Modification:
    m_TransformParent: {fileID: 0}
    m_Modifications:
    - target: {fileID: 100146, guid: bc1a260d53510f04e846b96ed4104321, type: 3}
      propertyPath: m_IsActive
      value: 0
      objectReference: {fileID: 0}
    - target: {fileID: 100148, guid: bc1a260d53510f04e846b96ed4104321, type: 3}
      propertyPath: m_IsActive
      value: 0
      objectReference: {fileID: 0}
    - target: {fileID: 100162, guid: bc1a260d53510f04e846b96ed4104321, type: 3}
      propertyPath: m_Name
      value: Phone_2_FINAL_IP
      objectReference: {fileID: 0}
    - target: {fileID: 100186, guid: bc1a260d53510f04e846b96ed4104321, type: 3}
      propertyPath: m_IsActive
      value: 0
      objectReference: {fileID: 0}
    - target: {fileID: 100188, guid: bc1a260d53510f04e846b96ed4104321, type: 3}
      propertyPath: m_IsActive
      value: 0
      objectReference: {fileID: 0}
    - target: {fileID: 400162, guid: bc1a260d53510f04e846b96ed4104321, type: 3}
      propertyPath: m_LocalPosition.x
      value: -2.31
      objectReference: {fileID: 0}
    - target: {fileID: 400162, guid: bc1a260d53510f04e846b96ed4104321, type: 3}
      propertyPath: m_LocalPosition.y
      value: 0
      objectReference: {fileID: 0}
    - target: {fileID: 400162, guid: bc1a260d53510f04e846b96ed4104321, type: 3}
      propertyPath: m_LocalPosition.z
      value: -0.45
      objectReference: {fileID: 0}
    - target: {fileID: 400162, guid: bc1a260d53510f04e846b96ed4104321, type: 3}
      propertyPath: m_LocalRotation.x
      value: 0
      objectReference: {fileID: 0}
    - target: {fileID: 400162, guid: bc1a260d53510f04e846b96ed4104321, type: 3}
      propertyPath: m_LocalRotation.y
      value: 0
      objectReference: {fileID: 0}
    - target: {fileID: 400162, guid: bc1a260d53510f04e846b96ed4104321, type: 3}
      propertyPath: m_LocalRotation.z
      value: 0
      objectReference: {fileID: 0}
    - target: {fileID: 400162, guid: bc1a260d53510f04e846b96ed4104321, type: 3}
      propertyPath: m_LocalRotation.w
      value: 1
      objectReference: {fileID: 0}
    - target: {fileID: 400162, guid: bc1a260d53510f04e846b96ed4104321, type: 3}
      propertyPath: m_RootOrder
      value: 11
      objectReference: {fileID: 0}
    - target: {fileID: 400162, guid: bc1a260d53510f04e846b96ed4104321, type: 3}
      propertyPath: m_LocalEulerAnglesHint.x
      value: 0
      objectReference: {fileID: 0}
    - target: {fileID: 400162, guid: bc1a260d53510f04e846b96ed4104321, type: 3}
      propertyPath: m_LocalEulerAnglesHint.y
      value: 0
      objectReference: {fileID: 0}
    - target: {fileID: 400162, guid: bc1a260d53510f04e846b96ed4104321, type: 3}
      propertyPath: m_LocalEulerAnglesHint.z
      value: 0
      objectReference: {fileID: 0}
    - target: {fileID: 9500000, guid: bc1a260d53510f04e846b96ed4104321, type: 3}
      propertyPath: m_Controller
      value: 
      objectReference: {fileID: 9100000, guid: 67f254428bb88284f80d374dd550c687, type: 2}
    m_RemovedComponents: []
  m_SourcePrefab: {fileID: 100100000, guid: bc1a260d53510f04e846b96ed4104321, type: 3}
--- !u!1001 &127853135
PrefabInstance:
  m_ObjectHideFlags: 0
  serializedVersion: 2
  m_Modification:
    m_TransformParent: {fileID: 0}
    m_Modifications:
    - target: {fileID: 100326, guid: 8f0565f23a2b58541a475bd3c1393052, type: 3}
      propertyPath: m_Name
      value: unitychan (1)
      objectReference: {fileID: 0}
    - target: {fileID: 400020, guid: 8f0565f23a2b58541a475bd3c1393052, type: 3}
      propertyPath: m_LocalRotation.x
      value: 0.0027491867
      objectReference: {fileID: 0}
    - target: {fileID: 400020, guid: 8f0565f23a2b58541a475bd3c1393052, type: 3}
      propertyPath: m_LocalRotation.z
      value: 0.00460938
      objectReference: {fileID: 0}
    - target: {fileID: 400326, guid: 8f0565f23a2b58541a475bd3c1393052, type: 3}
      propertyPath: m_LocalPosition.x
      value: 0.77000004
      objectReference: {fileID: 0}
    - target: {fileID: 400326, guid: 8f0565f23a2b58541a475bd3c1393052, type: 3}
      propertyPath: m_LocalPosition.y
      value: 0
      objectReference: {fileID: 0}
    - target: {fileID: 400326, guid: 8f0565f23a2b58541a475bd3c1393052, type: 3}
      propertyPath: m_LocalPosition.z
      value: -0.31
      objectReference: {fileID: 0}
    - target: {fileID: 400326, guid: 8f0565f23a2b58541a475bd3c1393052, type: 3}
      propertyPath: m_LocalRotation.x
      value: 0
      objectReference: {fileID: 0}
    - target: {fileID: 400326, guid: 8f0565f23a2b58541a475bd3c1393052, type: 3}
      propertyPath: m_LocalRotation.y
      value: 0
      objectReference: {fileID: 0}
    - target: {fileID: 400326, guid: 8f0565f23a2b58541a475bd3c1393052, type: 3}
      propertyPath: m_LocalRotation.z
      value: 0
      objectReference: {fileID: 0}
    - target: {fileID: 400326, guid: 8f0565f23a2b58541a475bd3c1393052, type: 3}
      propertyPath: m_LocalRotation.w
      value: 1
      objectReference: {fileID: 0}
    - target: {fileID: 400326, guid: 8f0565f23a2b58541a475bd3c1393052, type: 3}
      propertyPath: m_RootOrder
      value: 6
      objectReference: {fileID: 0}
    - target: {fileID: 400326, guid: 8f0565f23a2b58541a475bd3c1393052, type: 3}
      propertyPath: m_LocalEulerAnglesHint.x
      value: 0
      objectReference: {fileID: 0}
    - target: {fileID: 400326, guid: 8f0565f23a2b58541a475bd3c1393052, type: 3}
      propertyPath: m_LocalEulerAnglesHint.y
      value: 0
      objectReference: {fileID: 0}
    - target: {fileID: 400326, guid: 8f0565f23a2b58541a475bd3c1393052, type: 3}
      propertyPath: m_LocalEulerAnglesHint.z
      value: 0
      objectReference: {fileID: 0}
    - target: {fileID: 9500000, guid: 8f0565f23a2b58541a475bd3c1393052, type: 3}
      propertyPath: m_Controller
      value: 
      objectReference: {fileID: 9100000, guid: a55ba7631781d7640ab9b810c71bac96, type: 2}
    - target: {fileID: 13700000, guid: 8f0565f23a2b58541a475bd3c1393052, type: 3}
      propertyPath: m_AABB.m_Center.y
      value: 1.380296
      objectReference: {fileID: 0}
    - target: {fileID: 13700000, guid: 8f0565f23a2b58541a475bd3c1393052, type: 3}
      propertyPath: m_AABB.m_Center.z
      value: 0.075430006
      objectReference: {fileID: 0}
    - target: {fileID: 13700000, guid: 8f0565f23a2b58541a475bd3c1393052, type: 3}
      propertyPath: m_AABB.m_Extent.x
      value: 0.05102
      objectReference: {fileID: 0}
    - target: {fileID: 13700000, guid: 8f0565f23a2b58541a475bd3c1393052, type: 3}
      propertyPath: m_AABB.m_Extent.y
      value: 0.012729228
      objectReference: {fileID: 0}
    - target: {fileID: 13700000, guid: 8f0565f23a2b58541a475bd3c1393052, type: 3}
      propertyPath: m_AABB.m_Extent.z
      value: 0.006349992
      objectReference: {fileID: 0}
    - target: {fileID: 13700000, guid: 8f0565f23a2b58541a475bd3c1393052, type: 3}
      propertyPath: m_DirtyAABB
      value: 0
      objectReference: {fileID: 0}
    - target: {fileID: 13700006, guid: 8f0565f23a2b58541a475bd3c1393052, type: 3}
      propertyPath: m_AABB.m_Center.y
      value: 1.3495715
      objectReference: {fileID: 0}
    - target: {fileID: 13700006, guid: 8f0565f23a2b58541a475bd3c1393052, type: 3}
      propertyPath: m_AABB.m_Center.z
      value: 0.06277
      objectReference: {fileID: 0}
    - target: {fileID: 13700006, guid: 8f0565f23a2b58541a475bd3c1393052, type: 3}
      propertyPath: m_AABB.m_Extent.x
      value: 0.071504995
      objectReference: {fileID: 0}
    - target: {fileID: 13700006, guid: 8f0565f23a2b58541a475bd3c1393052, type: 3}
      propertyPath: m_AABB.m_Extent.y
      value: 0.023665488
      objectReference: {fileID: 0}
    - target: {fileID: 13700006, guid: 8f0565f23a2b58541a475bd3c1393052, type: 3}
      propertyPath: m_AABB.m_Extent.z
      value: 0.011460001
      objectReference: {fileID: 0}
    - target: {fileID: 13700006, guid: 8f0565f23a2b58541a475bd3c1393052, type: 3}
      propertyPath: m_DirtyAABB
      value: 0
      objectReference: {fileID: 0}
    - target: {fileID: 13700008, guid: 8f0565f23a2b58541a475bd3c1393052, type: 3}
      propertyPath: m_AABB.m_Center.y
      value: 1.3556354
      objectReference: {fileID: 0}
    - target: {fileID: 13700008, guid: 8f0565f23a2b58541a475bd3c1393052, type: 3}
      propertyPath: m_AABB.m_Center.z
      value: 0.0608415
      objectReference: {fileID: 0}
    - target: {fileID: 13700008, guid: 8f0565f23a2b58541a475bd3c1393052, type: 3}
      propertyPath: m_AABB.m_Extent.x
      value: 0.076811
      objectReference: {fileID: 0}
    - target: {fileID: 13700008, guid: 8f0565f23a2b58541a475bd3c1393052, type: 3}
      propertyPath: m_AABB.m_Extent.y
      value: 0.041534483
      objectReference: {fileID: 0}
    - target: {fileID: 13700008, guid: 8f0565f23a2b58541a475bd3c1393052, type: 3}
      propertyPath: m_AABB.m_Extent.z
      value: 0.020959504
      objectReference: {fileID: 0}
    - target: {fileID: 13700008, guid: 8f0565f23a2b58541a475bd3c1393052, type: 3}
      propertyPath: m_DirtyAABB
      value: 0
      objectReference: {fileID: 0}
    - target: {fileID: 13700020, guid: 8f0565f23a2b58541a475bd3c1393052, type: 3}
      propertyPath: m_AABB.m_Center.y
      value: 1.3662745
      objectReference: {fileID: 0}
    - target: {fileID: 13700020, guid: 8f0565f23a2b58541a475bd3c1393052, type: 3}
      propertyPath: m_AABB.m_Center.z
      value: 0.0315425
      objectReference: {fileID: 0}
    - target: {fileID: 13700020, guid: 8f0565f23a2b58541a475bd3c1393052, type: 3}
      propertyPath: m_AABB.m_Extent.x
      value: 0.078469
      objectReference: {fileID: 0}
    - target: {fileID: 13700020, guid: 8f0565f23a2b58541a475bd3c1393052, type: 3}
      propertyPath: m_AABB.m_Extent.y
      value: 0.106027484
      objectReference: {fileID: 0}
    - target: {fileID: 13700020, guid: 8f0565f23a2b58541a475bd3c1393052, type: 3}
      propertyPath: m_AABB.m_Extent.z
      value: 0.0553375
      objectReference: {fileID: 0}
    - target: {fileID: 13700020, guid: 8f0565f23a2b58541a475bd3c1393052, type: 3}
      propertyPath: m_DirtyAABB
      value: 0
      objectReference: {fileID: 0}
    m_RemovedComponents: []
  m_SourcePrefab: {fileID: 100100000, guid: 8f0565f23a2b58541a475bd3c1393052, type: 3}
--- !u!1 &170076733
GameObject:
  m_ObjectHideFlags: 0
  m_CorrespondingSourceObject: {fileID: 0}
  m_PrefabInstance: {fileID: 0}
  m_PrefabAsset: {fileID: 0}
  serializedVersion: 6
  m_Component:
  - component: {fileID: 170076735}
  - component: {fileID: 170076734}
  m_Layer: 0
  m_Name: Directional Light
  m_TagString: Untagged
  m_Icon: {fileID: 0}
  m_NavMeshLayer: 0
  m_StaticEditorFlags: 0
  m_IsActive: 1
--- !u!108 &170076734
Light:
  m_ObjectHideFlags: 0
  m_CorrespondingSourceObject: {fileID: 0}
  m_PrefabInstance: {fileID: 0}
  m_PrefabAsset: {fileID: 0}
  m_GameObject: {fileID: 170076733}
  m_Enabled: 1
  serializedVersion: 8
  m_Type: 1
  m_Color: {r: 1, g: 0.95686275, b: 0.8392157, a: 1}
  m_Intensity: 1
  m_Range: 10
  m_SpotAngle: 30
  m_CookieSize: 10
  m_Shadows:
    m_Type: 2
    m_Resolution: -1
    m_CustomResolution: -1
    m_Strength: 1
    m_Bias: 0.05
    m_NormalBias: 0.4
    m_NearPlane: 0.2
  m_Cookie: {fileID: 0}
  m_DrawHalo: 0
  m_Flare: {fileID: 0}
  m_RenderMode: 0
  m_CullingMask:
    serializedVersion: 2
    m_Bits: 4294967295
  m_Lightmapping: 1
  m_LightShadowCasterMode: 0
  m_AreaSize: {x: 1, y: 1}
  m_BounceIntensity: 1
  m_ColorTemperature: 6570
  m_UseColorTemperature: 0
  m_ShadowRadius: 0
  m_ShadowAngle: 0
--- !u!4 &170076735
Transform:
  m_ObjectHideFlags: 0
  m_CorrespondingSourceObject: {fileID: 0}
  m_PrefabInstance: {fileID: 0}
  m_PrefabAsset: {fileID: 0}
  m_GameObject: {fileID: 170076733}
  m_LocalRotation: {x: 0.40668988, y: -0.90133953, z: 0.100938104, w: 0.109553486}
  m_LocalPosition: {x: 0, y: 3, z: 0}
  m_LocalScale: {x: 1, y: 1, z: 1}
  m_Children: []
  m_Father: {fileID: 0}
  m_RootOrder: 1
  m_LocalEulerAnglesHint: {x: 15.728001, y: 186.885, z: 312.382}
--- !u!1001 &283149270
PrefabInstance:
  m_ObjectHideFlags: 0
  serializedVersion: 2
  m_Modification:
    m_TransformParent: {fileID: 0}
    m_Modifications:
    - target: {fileID: 100326, guid: 8f0565f23a2b58541a475bd3c1393052, type: 3}
      propertyPath: m_Name
      value: unitychan (4)
      objectReference: {fileID: 0}
    - target: {fileID: 400020, guid: 8f0565f23a2b58541a475bd3c1393052, type: 3}
      propertyPath: m_LocalRotation.x
      value: 0.0027491874
      objectReference: {fileID: 0}
    - target: {fileID: 400020, guid: 8f0565f23a2b58541a475bd3c1393052, type: 3}
      propertyPath: m_LocalRotation.z
      value: 0.0046093813
      objectReference: {fileID: 0}
    - target: {fileID: 400326, guid: 8f0565f23a2b58541a475bd3c1393052, type: 3}
      propertyPath: m_LocalPosition.x
      value: -2.91
      objectReference: {fileID: 0}
    - target: {fileID: 400326, guid: 8f0565f23a2b58541a475bd3c1393052, type: 3}
      propertyPath: m_LocalPosition.y
      value: 0
      objectReference: {fileID: 0}
    - target: {fileID: 400326, guid: 8f0565f23a2b58541a475bd3c1393052, type: 3}
      propertyPath: m_LocalPosition.z
      value: -0.47
      objectReference: {fileID: 0}
    - target: {fileID: 400326, guid: 8f0565f23a2b58541a475bd3c1393052, type: 3}
      propertyPath: m_LocalRotation.x
      value: 0
      objectReference: {fileID: 0}
    - target: {fileID: 400326, guid: 8f0565f23a2b58541a475bd3c1393052, type: 3}
      propertyPath: m_LocalRotation.y
      value: 0
      objectReference: {fileID: 0}
    - target: {fileID: 400326, guid: 8f0565f23a2b58541a475bd3c1393052, type: 3}
      propertyPath: m_LocalRotation.z
      value: 0
      objectReference: {fileID: 0}
    - target: {fileID: 400326, guid: 8f0565f23a2b58541a475bd3c1393052, type: 3}
      propertyPath: m_LocalRotation.w
      value: 1
      objectReference: {fileID: 0}
    - target: {fileID: 400326, guid: 8f0565f23a2b58541a475bd3c1393052, type: 3}
      propertyPath: m_RootOrder
      value: 12
      objectReference: {fileID: 0}
    - target: {fileID: 400326, guid: 8f0565f23a2b58541a475bd3c1393052, type: 3}
      propertyPath: m_LocalEulerAnglesHint.x
      value: 0
      objectReference: {fileID: 0}
    - target: {fileID: 400326, guid: 8f0565f23a2b58541a475bd3c1393052, type: 3}
      propertyPath: m_LocalEulerAnglesHint.y
      value: 0
      objectReference: {fileID: 0}
    - target: {fileID: 400326, guid: 8f0565f23a2b58541a475bd3c1393052, type: 3}
      propertyPath: m_LocalEulerAnglesHint.z
      value: 0
      objectReference: {fileID: 0}
    - target: {fileID: 9500000, guid: 8f0565f23a2b58541a475bd3c1393052, type: 3}
      propertyPath: m_Controller
      value: 
      objectReference: {fileID: 9100000, guid: 67f254428bb88284f80d374dd550c687, type: 2}
    - target: {fileID: 13700000, guid: 8f0565f23a2b58541a475bd3c1393052, type: 3}
      propertyPath: m_AABB.m_Center.y
      value: 1.380296
      objectReference: {fileID: 0}
    - target: {fileID: 13700000, guid: 8f0565f23a2b58541a475bd3c1393052, type: 3}
      propertyPath: m_AABB.m_Center.z
      value: 0.075430006
      objectReference: {fileID: 0}
    - target: {fileID: 13700000, guid: 8f0565f23a2b58541a475bd3c1393052, type: 3}
      propertyPath: m_AABB.m_Extent.x
      value: 0.05102
      objectReference: {fileID: 0}
    - target: {fileID: 13700000, guid: 8f0565f23a2b58541a475bd3c1393052, type: 3}
      propertyPath: m_AABB.m_Extent.y
      value: 0.012729228
      objectReference: {fileID: 0}
    - target: {fileID: 13700000, guid: 8f0565f23a2b58541a475bd3c1393052, type: 3}
      propertyPath: m_AABB.m_Extent.z
      value: 0.006349992
      objectReference: {fileID: 0}
    - target: {fileID: 13700000, guid: 8f0565f23a2b58541a475bd3c1393052, type: 3}
      propertyPath: m_DirtyAABB
      value: 0
      objectReference: {fileID: 0}
    - target: {fileID: 13700006, guid: 8f0565f23a2b58541a475bd3c1393052, type: 3}
      propertyPath: m_AABB.m_Center.y
      value: 1.3495715
      objectReference: {fileID: 0}
    - target: {fileID: 13700006, guid: 8f0565f23a2b58541a475bd3c1393052, type: 3}
      propertyPath: m_AABB.m_Center.z
      value: 0.06277
      objectReference: {fileID: 0}
    - target: {fileID: 13700006, guid: 8f0565f23a2b58541a475bd3c1393052, type: 3}
      propertyPath: m_AABB.m_Extent.x
      value: 0.071504995
      objectReference: {fileID: 0}
    - target: {fileID: 13700006, guid: 8f0565f23a2b58541a475bd3c1393052, type: 3}
      propertyPath: m_AABB.m_Extent.y
      value: 0.023665488
      objectReference: {fileID: 0}
    - target: {fileID: 13700006, guid: 8f0565f23a2b58541a475bd3c1393052, type: 3}
      propertyPath: m_AABB.m_Extent.z
      value: 0.011460001
      objectReference: {fileID: 0}
    - target: {fileID: 13700006, guid: 8f0565f23a2b58541a475bd3c1393052, type: 3}
      propertyPath: m_DirtyAABB
      value: 0
      objectReference: {fileID: 0}
    - target: {fileID: 13700008, guid: 8f0565f23a2b58541a475bd3c1393052, type: 3}
      propertyPath: m_AABB.m_Center.y
      value: 1.3556354
      objectReference: {fileID: 0}
    - target: {fileID: 13700008, guid: 8f0565f23a2b58541a475bd3c1393052, type: 3}
      propertyPath: m_AABB.m_Center.z
      value: 0.0608415
      objectReference: {fileID: 0}
    - target: {fileID: 13700008, guid: 8f0565f23a2b58541a475bd3c1393052, type: 3}
      propertyPath: m_AABB.m_Extent.x
      value: 0.076811
      objectReference: {fileID: 0}
    - target: {fileID: 13700008, guid: 8f0565f23a2b58541a475bd3c1393052, type: 3}
      propertyPath: m_AABB.m_Extent.y
      value: 0.041534483
      objectReference: {fileID: 0}
    - target: {fileID: 13700008, guid: 8f0565f23a2b58541a475bd3c1393052, type: 3}
      propertyPath: m_AABB.m_Extent.z
      value: 0.020959504
      objectReference: {fileID: 0}
    - target: {fileID: 13700008, guid: 8f0565f23a2b58541a475bd3c1393052, type: 3}
      propertyPath: m_DirtyAABB
      value: 0
      objectReference: {fileID: 0}
    - target: {fileID: 13700020, guid: 8f0565f23a2b58541a475bd3c1393052, type: 3}
      propertyPath: m_AABB.m_Center.y
      value: 1.3662745
      objectReference: {fileID: 0}
    - target: {fileID: 13700020, guid: 8f0565f23a2b58541a475bd3c1393052, type: 3}
      propertyPath: m_AABB.m_Center.z
      value: 0.0315425
      objectReference: {fileID: 0}
    - target: {fileID: 13700020, guid: 8f0565f23a2b58541a475bd3c1393052, type: 3}
      propertyPath: m_AABB.m_Extent.x
      value: 0.078469
      objectReference: {fileID: 0}
    - target: {fileID: 13700020, guid: 8f0565f23a2b58541a475bd3c1393052, type: 3}
      propertyPath: m_AABB.m_Extent.y
      value: 0.106027484
      objectReference: {fileID: 0}
    - target: {fileID: 13700020, guid: 8f0565f23a2b58541a475bd3c1393052, type: 3}
      propertyPath: m_AABB.m_Extent.z
      value: 0.0553375
      objectReference: {fileID: 0}
    - target: {fileID: 13700020, guid: 8f0565f23a2b58541a475bd3c1393052, type: 3}
      propertyPath: m_DirtyAABB
      value: 0
      objectReference: {fileID: 0}
    m_RemovedComponents: []
  m_SourcePrefab: {fileID: 100100000, guid: 8f0565f23a2b58541a475bd3c1393052, type: 3}
--- !u!1001 &286543322
PrefabInstance:
  m_ObjectHideFlags: 0
  serializedVersion: 2
  m_Modification:
    m_TransformParent: {fileID: 0}
    m_Modifications:
    - target: {fileID: 100326, guid: 8f0565f23a2b58541a475bd3c1393052, type: 3}
      propertyPath: m_Name
      value: unitychan (2)
      objectReference: {fileID: 0}
    - target: {fileID: 400020, guid: 8f0565f23a2b58541a475bd3c1393052, type: 3}
      propertyPath: m_LocalRotation.x
      value: 0.002749187
      objectReference: {fileID: 0}
    - target: {fileID: 400020, guid: 8f0565f23a2b58541a475bd3c1393052, type: 3}
      propertyPath: m_LocalRotation.z
      value: 0.0046093804
      objectReference: {fileID: 0}
    - target: {fileID: 400326, guid: 8f0565f23a2b58541a475bd3c1393052, type: 3}
      propertyPath: m_LocalPosition.x
      value: -1.73
      objectReference: {fileID: 0}
    - target: {fileID: 400326, guid: 8f0565f23a2b58541a475bd3c1393052, type: 3}
      propertyPath: m_LocalPosition.y
      value: 0
      objectReference: {fileID: 0}
    - target: {fileID: 400326, guid: 8f0565f23a2b58541a475bd3c1393052, type: 3}
      propertyPath: m_LocalPosition.z
      value: -0.47
      objectReference: {fileID: 0}
    - target: {fileID: 400326, guid: 8f0565f23a2b58541a475bd3c1393052, type: 3}
      propertyPath: m_LocalRotation.x
      value: 0
      objectReference: {fileID: 0}
    - target: {fileID: 400326, guid: 8f0565f23a2b58541a475bd3c1393052, type: 3}
      propertyPath: m_LocalRotation.y
      value: 0
      objectReference: {fileID: 0}
    - target: {fileID: 400326, guid: 8f0565f23a2b58541a475bd3c1393052, type: 3}
      propertyPath: m_LocalRotation.z
      value: 0
      objectReference: {fileID: 0}
    - target: {fileID: 400326, guid: 8f0565f23a2b58541a475bd3c1393052, type: 3}
      propertyPath: m_LocalRotation.w
      value: 1
      objectReference: {fileID: 0}
    - target: {fileID: 400326, guid: 8f0565f23a2b58541a475bd3c1393052, type: 3}
      propertyPath: m_RootOrder
      value: 8
      objectReference: {fileID: 0}
    - target: {fileID: 400326, guid: 8f0565f23a2b58541a475bd3c1393052, type: 3}
      propertyPath: m_LocalEulerAnglesHint.x
      value: 0
      objectReference: {fileID: 0}
    - target: {fileID: 400326, guid: 8f0565f23a2b58541a475bd3c1393052, type: 3}
      propertyPath: m_LocalEulerAnglesHint.y
      value: 0
      objectReference: {fileID: 0}
    - target: {fileID: 400326, guid: 8f0565f23a2b58541a475bd3c1393052, type: 3}
      propertyPath: m_LocalEulerAnglesHint.z
      value: 0
      objectReference: {fileID: 0}
    - target: {fileID: 9500000, guid: 8f0565f23a2b58541a475bd3c1393052, type: 3}
      propertyPath: m_Controller
      value: 
      objectReference: {fileID: 9100000, guid: 5ddc6571c733c7043aae97d7c1209757, type: 2}
    - target: {fileID: 13700000, guid: 8f0565f23a2b58541a475bd3c1393052, type: 3}
      propertyPath: m_AABB.m_Center.y
      value: 1.380296
      objectReference: {fileID: 0}
    - target: {fileID: 13700000, guid: 8f0565f23a2b58541a475bd3c1393052, type: 3}
      propertyPath: m_AABB.m_Center.z
      value: 0.075430006
      objectReference: {fileID: 0}
    - target: {fileID: 13700000, guid: 8f0565f23a2b58541a475bd3c1393052, type: 3}
      propertyPath: m_AABB.m_Extent.x
      value: 0.05102
      objectReference: {fileID: 0}
    - target: {fileID: 13700000, guid: 8f0565f23a2b58541a475bd3c1393052, type: 3}
      propertyPath: m_AABB.m_Extent.y
      value: 0.012729228
      objectReference: {fileID: 0}
    - target: {fileID: 13700000, guid: 8f0565f23a2b58541a475bd3c1393052, type: 3}
      propertyPath: m_AABB.m_Extent.z
      value: 0.006349992
      objectReference: {fileID: 0}
    - target: {fileID: 13700000, guid: 8f0565f23a2b58541a475bd3c1393052, type: 3}
      propertyPath: m_DirtyAABB
      value: 0
      objectReference: {fileID: 0}
    - target: {fileID: 13700006, guid: 8f0565f23a2b58541a475bd3c1393052, type: 3}
      propertyPath: m_AABB.m_Center.y
      value: 1.3495715
      objectReference: {fileID: 0}
    - target: {fileID: 13700006, guid: 8f0565f23a2b58541a475bd3c1393052, type: 3}
      propertyPath: m_AABB.m_Center.z
      value: 0.06277
      objectReference: {fileID: 0}
    - target: {fileID: 13700006, guid: 8f0565f23a2b58541a475bd3c1393052, type: 3}
      propertyPath: m_AABB.m_Extent.x
      value: 0.071504995
      objectReference: {fileID: 0}
    - target: {fileID: 13700006, guid: 8f0565f23a2b58541a475bd3c1393052, type: 3}
      propertyPath: m_AABB.m_Extent.y
      value: 0.023665488
      objectReference: {fileID: 0}
    - target: {fileID: 13700006, guid: 8f0565f23a2b58541a475bd3c1393052, type: 3}
      propertyPath: m_AABB.m_Extent.z
      value: 0.011460001
      objectReference: {fileID: 0}
    - target: {fileID: 13700006, guid: 8f0565f23a2b58541a475bd3c1393052, type: 3}
      propertyPath: m_DirtyAABB
      value: 0
      objectReference: {fileID: 0}
    - target: {fileID: 13700008, guid: 8f0565f23a2b58541a475bd3c1393052, type: 3}
      propertyPath: m_AABB.m_Center.y
      value: 1.3556354
      objectReference: {fileID: 0}
    - target: {fileID: 13700008, guid: 8f0565f23a2b58541a475bd3c1393052, type: 3}
      propertyPath: m_AABB.m_Center.z
      value: 0.0608415
      objectReference: {fileID: 0}
    - target: {fileID: 13700008, guid: 8f0565f23a2b58541a475bd3c1393052, type: 3}
      propertyPath: m_AABB.m_Extent.x
      value: 0.076811
      objectReference: {fileID: 0}
    - target: {fileID: 13700008, guid: 8f0565f23a2b58541a475bd3c1393052, type: 3}
      propertyPath: m_AABB.m_Extent.y
      value: 0.041534483
      objectReference: {fileID: 0}
    - target: {fileID: 13700008, guid: 8f0565f23a2b58541a475bd3c1393052, type: 3}
      propertyPath: m_AABB.m_Extent.z
      value: 0.020959504
      objectReference: {fileID: 0}
    - target: {fileID: 13700008, guid: 8f0565f23a2b58541a475bd3c1393052, type: 3}
      propertyPath: m_DirtyAABB
      value: 0
      objectReference: {fileID: 0}
    - target: {fileID: 13700020, guid: 8f0565f23a2b58541a475bd3c1393052, type: 3}
      propertyPath: m_AABB.m_Center.y
      value: 1.3662745
      objectReference: {fileID: 0}
    - target: {fileID: 13700020, guid: 8f0565f23a2b58541a475bd3c1393052, type: 3}
      propertyPath: m_AABB.m_Center.z
      value: 0.0315425
      objectReference: {fileID: 0}
    - target: {fileID: 13700020, guid: 8f0565f23a2b58541a475bd3c1393052, type: 3}
      propertyPath: m_AABB.m_Extent.x
      value: 0.078469
      objectReference: {fileID: 0}
    - target: {fileID: 13700020, guid: 8f0565f23a2b58541a475bd3c1393052, type: 3}
      propertyPath: m_AABB.m_Extent.y
      value: 0.106027484
      objectReference: {fileID: 0}
    - target: {fileID: 13700020, guid: 8f0565f23a2b58541a475bd3c1393052, type: 3}
      propertyPath: m_AABB.m_Extent.z
      value: 0.0553375
      objectReference: {fileID: 0}
    - target: {fileID: 13700020, guid: 8f0565f23a2b58541a475bd3c1393052, type: 3}
      propertyPath: m_DirtyAABB
      value: 0
      objectReference: {fileID: 0}
    m_RemovedComponents: []
  m_SourcePrefab: {fileID: 100100000, guid: 8f0565f23a2b58541a475bd3c1393052, type: 3}
--- !u!1001 &446643717
PrefabInstance:
  m_ObjectHideFlags: 0
  serializedVersion: 2
  m_Modification:
    m_TransformParent: {fileID: 0}
    m_Modifications:
    - target: {fileID: 100146, guid: 58371ca28086bee4899e5fd98314f641, type: 3}
      propertyPath: m_IsActive
      value: 0
      objectReference: {fileID: 0}
    - target: {fileID: 100148, guid: 58371ca28086bee4899e5fd98314f641, type: 3}
      propertyPath: m_IsActive
      value: 0
      objectReference: {fileID: 0}
    - target: {fileID: 100184, guid: 58371ca28086bee4899e5fd98314f641, type: 3}
      propertyPath: m_IsActive
      value: 0
      objectReference: {fileID: 0}
    - target: {fileID: 100186, guid: 58371ca28086bee4899e5fd98314f641, type: 3}
      propertyPath: m_IsActive
      value: 0
      objectReference: {fileID: 0}
    - target: {fileID: 100192, guid: 58371ca28086bee4899e5fd98314f641, type: 3}
      propertyPath: m_Name
      value: Wall_FINAL_IP
      objectReference: {fileID: 0}
    - target: {fileID: 400192, guid: 58371ca28086bee4899e5fd98314f641, type: 3}
      propertyPath: m_LocalPosition.x
      value: 3.72
      objectReference: {fileID: 0}
    - target: {fileID: 400192, guid: 58371ca28086bee4899e5fd98314f641, type: 3}
      propertyPath: m_LocalPosition.y
      value: 0
      objectReference: {fileID: 0}
    - target: {fileID: 400192, guid: 58371ca28086bee4899e5fd98314f641, type: 3}
      propertyPath: m_LocalPosition.z
      value: 0.09
      objectReference: {fileID: 0}
    - target: {fileID: 400192, guid: 58371ca28086bee4899e5fd98314f641, type: 3}
      propertyPath: m_LocalRotation.x
      value: 0
      objectReference: {fileID: 0}
    - target: {fileID: 400192, guid: 58371ca28086bee4899e5fd98314f641, type: 3}
      propertyPath: m_LocalRotation.y
      value: 0
      objectReference: {fileID: 0}
    - target: {fileID: 400192, guid: 58371ca28086bee4899e5fd98314f641, type: 3}
      propertyPath: m_LocalRotation.z
      value: 0
      objectReference: {fileID: 0}
    - target: {fileID: 400192, guid: 58371ca28086bee4899e5fd98314f641, type: 3}
      propertyPath: m_LocalRotation.w
      value: 1
      objectReference: {fileID: 0}
    - target: {fileID: 400192, guid: 58371ca28086bee4899e5fd98314f641, type: 3}
      propertyPath: m_RootOrder
      value: 13
      objectReference: {fileID: 0}
    - target: {fileID: 400192, guid: 58371ca28086bee4899e5fd98314f641, type: 3}
      propertyPath: m_LocalEulerAnglesHint.x
      value: 0
      objectReference: {fileID: 0}
    - target: {fileID: 400192, guid: 58371ca28086bee4899e5fd98314f641, type: 3}
      propertyPath: m_LocalEulerAnglesHint.y
      value: 0
      objectReference: {fileID: 0}
    - target: {fileID: 400192, guid: 58371ca28086bee4899e5fd98314f641, type: 3}
      propertyPath: m_LocalEulerAnglesHint.z
      value: 0
      objectReference: {fileID: 0}
    - target: {fileID: 9500000, guid: 58371ca28086bee4899e5fd98314f641, type: 3}
      propertyPath: m_Controller
      value: 
      objectReference: {fileID: 9100000, guid: c8b99fda43689e540be75ef6ee53dc32, type: 2}
    m_RemovedComponents: []
  m_SourcePrefab: {fileID: 100100000, guid: 58371ca28086bee4899e5fd98314f641, type: 3}
--- !u!1 &534669902
GameObject:
  m_ObjectHideFlags: 0
  m_CorrespondingSourceObject: {fileID: 0}
  m_PrefabInstance: {fileID: 0}
  m_PrefabAsset: {fileID: 0}
  serializedVersion: 6
  m_Component:
  - component: {fileID: 534669905}
  - component: {fileID: 534669904}
  - component: {fileID: 534669903}
  m_Layer: 0
  m_Name: Main Camera
  m_TagString: MainCamera
  m_Icon: {fileID: 0}
  m_NavMeshLayer: 0
  m_StaticEditorFlags: 0
  m_IsActive: 1
--- !u!81 &534669903
AudioListener:
  m_ObjectHideFlags: 0
  m_CorrespondingSourceObject: {fileID: 0}
  m_PrefabInstance: {fileID: 0}
  m_PrefabAsset: {fileID: 0}
  m_GameObject: {fileID: 534669902}
  m_Enabled: 1
--- !u!20 &534669904
Camera:
  m_ObjectHideFlags: 0
  m_CorrespondingSourceObject: {fileID: 0}
  m_PrefabInstance: {fileID: 0}
  m_PrefabAsset: {fileID: 0}
  m_GameObject: {fileID: 534669902}
  m_Enabled: 1
  serializedVersion: 2
  m_ClearFlags: 1
  m_BackGroundColor: {r: 0.19215687, g: 0.3019608, b: 0.4745098, a: 0}
  m_projectionMatrixMode: 1
  m_SensorSize: {x: 36, y: 24}
  m_LensShift: {x: 0, y: 0}
  m_GateFitMode: 2
  m_FocalLength: 50
  m_NormalizedViewPortRect:
    serializedVersion: 2
    x: 0
    y: 0
    width: 1
    height: 1
  near clip plane: 0.3
  far clip plane: 1000
  field of view: 60
  orthographic: 0
  orthographic size: 5
  m_Depth: -1
  m_CullingMask:
    serializedVersion: 2
    m_Bits: 4294967295
  m_RenderingPath: -1
  m_TargetTexture: {fileID: 0}
  m_TargetDisplay: 0
  m_TargetEye: 3
  m_HDR: 1
  m_AllowMSAA: 1
  m_AllowDynamicResolution: 0
  m_ForceIntoRT: 0
  m_OcclusionCulling: 1
  m_StereoConvergence: 10
  m_StereoSeparation: 0.022
--- !u!4 &534669905
Transform:
  m_ObjectHideFlags: 0
  m_CorrespondingSourceObject: {fileID: 0}
  m_PrefabInstance: {fileID: 0}
  m_PrefabAsset: {fileID: 0}
  m_GameObject: {fileID: 534669902}
  m_LocalRotation: {x: 0, y: -1, z: 0, w: 0}
  m_LocalPosition: {x: 0, y: 1, z: 5.34}
  m_LocalScale: {x: 1, y: 1, z: 1}
  m_Children: []
  m_Father: {fileID: 0}
  m_RootOrder: 0
  m_LocalEulerAnglesHint: {x: 0, y: -180, z: 0}
--- !u!1001 &568833154
PrefabInstance:
  m_ObjectHideFlags: 0
  serializedVersion: 2
  m_Modification:
    m_TransformParent: {fileID: 0}
    m_Modifications:
    - target: {fileID: 100146, guid: 351233dda6e55424b8e7c41e7ebff16f, type: 3}
      propertyPath: m_IsActive
      value: 0
      objectReference: {fileID: 0}
    - target: {fileID: 100148, guid: 351233dda6e55424b8e7c41e7ebff16f, type: 3}
      propertyPath: m_IsActive
      value: 0
      objectReference: {fileID: 0}
    - target: {fileID: 100154, guid: 351233dda6e55424b8e7c41e7ebff16f, type: 3}
      propertyPath: m_Name
      value: Log_bridge_FINAL_IP
      objectReference: {fileID: 0}
    - target: {fileID: 100186, guid: 351233dda6e55424b8e7c41e7ebff16f, type: 3}
      propertyPath: m_IsActive
      value: 0
      objectReference: {fileID: 0}
    - target: {fileID: 100188, guid: 351233dda6e55424b8e7c41e7ebff16f, type: 3}
      propertyPath: m_IsActive
      value: 0
      objectReference: {fileID: 0}
    - target: {fileID: 400154, guid: 351233dda6e55424b8e7c41e7ebff16f, type: 3}
      propertyPath: m_LocalPosition.x
      value: -1.14
      objectReference: {fileID: 0}
    - target: {fileID: 400154, guid: 351233dda6e55424b8e7c41e7ebff16f, type: 3}
      propertyPath: m_LocalPosition.y
      value: 0
      objectReference: {fileID: 0}
    - target: {fileID: 400154, guid: 351233dda6e55424b8e7c41e7ebff16f, type: 3}
      propertyPath: m_LocalPosition.z
      value: -0.16
      objectReference: {fileID: 0}
    - target: {fileID: 400154, guid: 351233dda6e55424b8e7c41e7ebff16f, type: 3}
      propertyPath: m_LocalRotation.x
      value: 0
      objectReference: {fileID: 0}
    - target: {fileID: 400154, guid: 351233dda6e55424b8e7c41e7ebff16f, type: 3}
      propertyPath: m_LocalRotation.y
      value: 0
      objectReference: {fileID: 0}
    - target: {fileID: 400154, guid: 351233dda6e55424b8e7c41e7ebff16f, type: 3}
      propertyPath: m_LocalRotation.z
      value: 0
      objectReference: {fileID: 0}
    - target: {fileID: 400154, guid: 351233dda6e55424b8e7c41e7ebff16f, type: 3}
      propertyPath: m_LocalRotation.w
      value: 1
      objectReference: {fileID: 0}
    - target: {fileID: 400154, guid: 351233dda6e55424b8e7c41e7ebff16f, type: 3}
      propertyPath: m_RootOrder
      value: 7
      objectReference: {fileID: 0}
    - target: {fileID: 400154, guid: 351233dda6e55424b8e7c41e7ebff16f, type: 3}
      propertyPath: m_LocalEulerAnglesHint.x
      value: 0
      objectReference: {fileID: 0}
    - target: {fileID: 400154, guid: 351233dda6e55424b8e7c41e7ebff16f, type: 3}
      propertyPath: m_LocalEulerAnglesHint.y
      value: 0
      objectReference: {fileID: 0}
    - target: {fileID: 400154, guid: 351233dda6e55424b8e7c41e7ebff16f, type: 3}
      propertyPath: m_LocalEulerAnglesHint.z
      value: 0
      objectReference: {fileID: 0}
    - target: {fileID: 9500000, guid: 351233dda6e55424b8e7c41e7ebff16f, type: 3}
      propertyPath: m_Controller
      value: 
      objectReference: {fileID: 9100000, guid: 5ddc6571c733c7043aae97d7c1209757, type: 2}
    m_RemovedComponents: []
  m_SourcePrefab: {fileID: 100100000, guid: 351233dda6e55424b8e7c41e7ebff16f, type: 3}
--- !u!1001 &798781651
PrefabInstance:
  m_ObjectHideFlags: 0
  serializedVersion: 2
  m_Modification:
    m_TransformParent: {fileID: 0}
    m_Modifications:
    - target: {fileID: 100326, guid: 8f0565f23a2b58541a475bd3c1393052, type: 3}
      propertyPath: m_Name
      value: unitychan
      objectReference: {fileID: 0}
    - target: {fileID: 400020, guid: 8f0565f23a2b58541a475bd3c1393052, type: 3}
      propertyPath: m_LocalRotation.x
      value: 0.0027491865
      objectReference: {fileID: 0}
    - target: {fileID: 400020, guid: 8f0565f23a2b58541a475bd3c1393052, type: 3}
      propertyPath: m_LocalRotation.z
      value: 0.0046093795
      objectReference: {fileID: 0}
    - target: {fileID: 400326, guid: 8f0565f23a2b58541a475bd3c1393052, type: 3}
      propertyPath: m_LocalPosition.x
      value: -0.56
      objectReference: {fileID: 0}
    - target: {fileID: 400326, guid: 8f0565f23a2b58541a475bd3c1393052, type: 3}
      propertyPath: m_LocalPosition.y
      value: 0
      objectReference: {fileID: 0}
    - target: {fileID: 400326, guid: 8f0565f23a2b58541a475bd3c1393052, type: 3}
      propertyPath: m_LocalPosition.z
      value: 0
      objectReference: {fileID: 0}
    - target: {fileID: 400326, guid: 8f0565f23a2b58541a475bd3c1393052, type: 3}
      propertyPath: m_LocalRotation.x
      value: 0
      objectReference: {fileID: 0}
    - target: {fileID: 400326, guid: 8f0565f23a2b58541a475bd3c1393052, type: 3}
      propertyPath: m_LocalRotation.y
      value: 0
      objectReference: {fileID: 0}
    - target: {fileID: 400326, guid: 8f0565f23a2b58541a475bd3c1393052, type: 3}
      propertyPath: m_LocalRotation.z
      value: 0
      objectReference: {fileID: 0}
    - target: {fileID: 400326, guid: 8f0565f23a2b58541a475bd3c1393052, type: 3}
      propertyPath: m_LocalRotation.w
      value: 1
      objectReference: {fileID: 0}
    - target: {fileID: 400326, guid: 8f0565f23a2b58541a475bd3c1393052, type: 3}
      propertyPath: m_RootOrder
      value: 4
      objectReference: {fileID: 0}
    - target: {fileID: 400326, guid: 8f0565f23a2b58541a475bd3c1393052, type: 3}
      propertyPath: m_LocalEulerAnglesHint.x
      value: 0
      objectReference: {fileID: 0}
    - target: {fileID: 400326, guid: 8f0565f23a2b58541a475bd3c1393052, type: 3}
      propertyPath: m_LocalEulerAnglesHint.y
      value: 0
      objectReference: {fileID: 0}
    - target: {fileID: 400326, guid: 8f0565f23a2b58541a475bd3c1393052, type: 3}
      propertyPath: m_LocalEulerAnglesHint.z
      value: 0
      objectReference: {fileID: 0}
    - target: {fileID: 9500000, guid: 8f0565f23a2b58541a475bd3c1393052, type: 3}
      propertyPath: m_Controller
      value: 
      objectReference: {fileID: 9100000, guid: 8af2514ed55ab23418c6f556dec483aa, type: 2}
    - target: {fileID: 13700000, guid: 8f0565f23a2b58541a475bd3c1393052, type: 3}
      propertyPath: m_AABB.m_Center.y
      value: 1.380296
      objectReference: {fileID: 0}
    - target: {fileID: 13700000, guid: 8f0565f23a2b58541a475bd3c1393052, type: 3}
      propertyPath: m_AABB.m_Center.z
      value: 0.075430006
      objectReference: {fileID: 0}
    - target: {fileID: 13700000, guid: 8f0565f23a2b58541a475bd3c1393052, type: 3}
      propertyPath: m_AABB.m_Extent.x
      value: 0.05102
      objectReference: {fileID: 0}
    - target: {fileID: 13700000, guid: 8f0565f23a2b58541a475bd3c1393052, type: 3}
      propertyPath: m_AABB.m_Extent.y
      value: 0.012729228
      objectReference: {fileID: 0}
    - target: {fileID: 13700000, guid: 8f0565f23a2b58541a475bd3c1393052, type: 3}
      propertyPath: m_AABB.m_Extent.z
      value: 0.006349992
      objectReference: {fileID: 0}
    - target: {fileID: 13700000, guid: 8f0565f23a2b58541a475bd3c1393052, type: 3}
      propertyPath: m_DirtyAABB
      value: 0
      objectReference: {fileID: 0}
    - target: {fileID: 13700006, guid: 8f0565f23a2b58541a475bd3c1393052, type: 3}
      propertyPath: m_AABB.m_Center.y
      value: 1.3495715
      objectReference: {fileID: 0}
    - target: {fileID: 13700006, guid: 8f0565f23a2b58541a475bd3c1393052, type: 3}
      propertyPath: m_AABB.m_Center.z
      value: 0.06277
      objectReference: {fileID: 0}
    - target: {fileID: 13700006, guid: 8f0565f23a2b58541a475bd3c1393052, type: 3}
      propertyPath: m_AABB.m_Extent.x
      value: 0.071504995
      objectReference: {fileID: 0}
    - target: {fileID: 13700006, guid: 8f0565f23a2b58541a475bd3c1393052, type: 3}
      propertyPath: m_AABB.m_Extent.y
      value: 0.023665488
      objectReference: {fileID: 0}
    - target: {fileID: 13700006, guid: 8f0565f23a2b58541a475bd3c1393052, type: 3}
      propertyPath: m_AABB.m_Extent.z
      value: 0.011460001
      objectReference: {fileID: 0}
    - target: {fileID: 13700006, guid: 8f0565f23a2b58541a475bd3c1393052, type: 3}
      propertyPath: m_DirtyAABB
      value: 0
      objectReference: {fileID: 0}
    - target: {fileID: 13700008, guid: 8f0565f23a2b58541a475bd3c1393052, type: 3}
      propertyPath: m_AABB.m_Center.y
      value: 1.3556354
      objectReference: {fileID: 0}
    - target: {fileID: 13700008, guid: 8f0565f23a2b58541a475bd3c1393052, type: 3}
      propertyPath: m_AABB.m_Center.z
      value: 0.0608415
      objectReference: {fileID: 0}
    - target: {fileID: 13700008, guid: 8f0565f23a2b58541a475bd3c1393052, type: 3}
      propertyPath: m_AABB.m_Extent.x
      value: 0.076811
      objectReference: {fileID: 0}
    - target: {fileID: 13700008, guid: 8f0565f23a2b58541a475bd3c1393052, type: 3}
      propertyPath: m_AABB.m_Extent.y
      value: 0.041534483
      objectReference: {fileID: 0}
    - target: {fileID: 13700008, guid: 8f0565f23a2b58541a475bd3c1393052, type: 3}
      propertyPath: m_AABB.m_Extent.z
      value: 0.020959504
      objectReference: {fileID: 0}
    - target: {fileID: 13700008, guid: 8f0565f23a2b58541a475bd3c1393052, type: 3}
      propertyPath: m_DirtyAABB
      value: 0
      objectReference: {fileID: 0}
    - target: {fileID: 13700020, guid: 8f0565f23a2b58541a475bd3c1393052, type: 3}
      propertyPath: m_AABB.m_Center.y
      value: 1.3662745
      objectReference: {fileID: 0}
    - target: {fileID: 13700020, guid: 8f0565f23a2b58541a475bd3c1393052, type: 3}
      propertyPath: m_AABB.m_Center.z
      value: 0.0315425
      objectReference: {fileID: 0}
    - target: {fileID: 13700020, guid: 8f0565f23a2b58541a475bd3c1393052, type: 3}
      propertyPath: m_AABB.m_Extent.x
      value: 0.078469
      objectReference: {fileID: 0}
    - target: {fileID: 13700020, guid: 8f0565f23a2b58541a475bd3c1393052, type: 3}
      propertyPath: m_AABB.m_Extent.y
      value: 0.106027484
      objectReference: {fileID: 0}
    - target: {fileID: 13700020, guid: 8f0565f23a2b58541a475bd3c1393052, type: 3}
      propertyPath: m_AABB.m_Extent.z
      value: 0.0553375
      objectReference: {fileID: 0}
    - target: {fileID: 13700020, guid: 8f0565f23a2b58541a475bd3c1393052, type: 3}
      propertyPath: m_DirtyAABB
      value: 0
      objectReference: {fileID: 0}
    m_RemovedComponents: []
  m_SourcePrefab: {fileID: 100100000, guid: 8f0565f23a2b58541a475bd3c1393052, type: 3}
--- !u!1001 &879760316
PrefabInstance:
  m_ObjectHideFlags: 0
  serializedVersion: 2
  m_Modification:
    m_TransformParent: {fileID: 0}
    m_Modifications:
    - target: {fileID: 100326, guid: 8f0565f23a2b58541a475bd3c1393052, type: 3}
      propertyPath: m_Name
      value: unitychan (3)
      objectReference: {fileID: 0}
    - target: {fileID: 400020, guid: 8f0565f23a2b58541a475bd3c1393052, type: 3}
      propertyPath: m_LocalRotation.x
      value: 0.0027491872
      objectReference: {fileID: 0}
    - target: {fileID: 400020, guid: 8f0565f23a2b58541a475bd3c1393052, type: 3}
      propertyPath: m_LocalRotation.z
      value: 0.004609381
      objectReference: {fileID: 0}
    - target: {fileID: 400326, guid: 8f0565f23a2b58541a475bd3c1393052, type: 3}
      propertyPath: m_LocalPosition.x
      value: 2.05
      objectReference: {fileID: 0}
    - target: {fileID: 400326, guid: 8f0565f23a2b58541a475bd3c1393052, type: 3}
      propertyPath: m_LocalPosition.y
      value: 0
      objectReference: {fileID: 0}
    - target: {fileID: 400326, guid: 8f0565f23a2b58541a475bd3c1393052, type: 3}
      propertyPath: m_LocalPosition.z
      value: -0.47
      objectReference: {fileID: 0}
    - target: {fileID: 400326, guid: 8f0565f23a2b58541a475bd3c1393052, type: 3}
      propertyPath: m_LocalRotation.x
      value: 0
      objectReference: {fileID: 0}
    - target: {fileID: 400326, guid: 8f0565f23a2b58541a475bd3c1393052, type: 3}
      propertyPath: m_LocalRotation.y
      value: 0
      objectReference: {fileID: 0}
    - target: {fileID: 400326, guid: 8f0565f23a2b58541a475bd3c1393052, type: 3}
      propertyPath: m_LocalRotation.z
      value: 0
      objectReference: {fileID: 0}
    - target: {fileID: 400326, guid: 8f0565f23a2b58541a475bd3c1393052, type: 3}
      propertyPath: m_LocalRotation.w
      value: 1
      objectReference: {fileID: 0}
    - target: {fileID: 400326, guid: 8f0565f23a2b58541a475bd3c1393052, type: 3}
      propertyPath: m_RootOrder
      value: 10
      objectReference: {fileID: 0}
    - target: {fileID: 400326, guid: 8f0565f23a2b58541a475bd3c1393052, type: 3}
      propertyPath: m_LocalEulerAnglesHint.x
      value: 0
      objectReference: {fileID: 0}
    - target: {fileID: 400326, guid: 8f0565f23a2b58541a475bd3c1393052, type: 3}
      propertyPath: m_LocalEulerAnglesHint.y
      value: 0
      objectReference: {fileID: 0}
    - target: {fileID: 400326, guid: 8f0565f23a2b58541a475bd3c1393052, type: 3}
      propertyPath: m_LocalEulerAnglesHint.z
      value: 0
      objectReference: {fileID: 0}
    - target: {fileID: 9500000, guid: 8f0565f23a2b58541a475bd3c1393052, type: 3}
      propertyPath: m_Controller
      value: 
      objectReference: {fileID: 9100000, guid: 5c5537d9018d45b47a3a21325207845d, type: 2}
    - target: {fileID: 13700000, guid: 8f0565f23a2b58541a475bd3c1393052, type: 3}
      propertyPath: m_AABB.m_Center.y
      value: 1.380296
      objectReference: {fileID: 0}
    - target: {fileID: 13700000, guid: 8f0565f23a2b58541a475bd3c1393052, type: 3}
      propertyPath: m_AABB.m_Center.z
      value: 0.075430006
      objectReference: {fileID: 0}
    - target: {fileID: 13700000, guid: 8f0565f23a2b58541a475bd3c1393052, type: 3}
      propertyPath: m_AABB.m_Extent.x
      value: 0.05102
      objectReference: {fileID: 0}
    - target: {fileID: 13700000, guid: 8f0565f23a2b58541a475bd3c1393052, type: 3}
      propertyPath: m_AABB.m_Extent.y
      value: 0.012729228
      objectReference: {fileID: 0}
    - target: {fileID: 13700000, guid: 8f0565f23a2b58541a475bd3c1393052, type: 3}
      propertyPath: m_AABB.m_Extent.z
      value: 0.006349992
      objectReference: {fileID: 0}
    - target: {fileID: 13700000, guid: 8f0565f23a2b58541a475bd3c1393052, type: 3}
      propertyPath: m_DirtyAABB
      value: 0
      objectReference: {fileID: 0}
    - target: {fileID: 13700006, guid: 8f0565f23a2b58541a475bd3c1393052, type: 3}
      propertyPath: m_AABB.m_Center.y
      value: 1.3495715
      objectReference: {fileID: 0}
    - target: {fileID: 13700006, guid: 8f0565f23a2b58541a475bd3c1393052, type: 3}
      propertyPath: m_AABB.m_Center.z
      value: 0.06277
      objectReference: {fileID: 0}
    - target: {fileID: 13700006, guid: 8f0565f23a2b58541a475bd3c1393052, type: 3}
      propertyPath: m_AABB.m_Extent.x
      value: 0.071504995
      objectReference: {fileID: 0}
    - target: {fileID: 13700006, guid: 8f0565f23a2b58541a475bd3c1393052, type: 3}
      propertyPath: m_AABB.m_Extent.y
      value: 0.023665488
      objectReference: {fileID: 0}
    - target: {fileID: 13700006, guid: 8f0565f23a2b58541a475bd3c1393052, type: 3}
      propertyPath: m_AABB.m_Extent.z
      value: 0.011460001
      objectReference: {fileID: 0}
    - target: {fileID: 13700006, guid: 8f0565f23a2b58541a475bd3c1393052, type: 3}
      propertyPath: m_DirtyAABB
      value: 0
      objectReference: {fileID: 0}
    - target: {fileID: 13700008, guid: 8f0565f23a2b58541a475bd3c1393052, type: 3}
      propertyPath: m_AABB.m_Center.y
      value: 1.3556354
      objectReference: {fileID: 0}
    - target: {fileID: 13700008, guid: 8f0565f23a2b58541a475bd3c1393052, type: 3}
      propertyPath: m_AABB.m_Center.z
      value: 0.0608415
      objectReference: {fileID: 0}
    - target: {fileID: 13700008, guid: 8f0565f23a2b58541a475bd3c1393052, type: 3}
      propertyPath: m_AABB.m_Extent.x
      value: 0.076811
      objectReference: {fileID: 0}
    - target: {fileID: 13700008, guid: 8f0565f23a2b58541a475bd3c1393052, type: 3}
      propertyPath: m_AABB.m_Extent.y
      value: 0.041534483
      objectReference: {fileID: 0}
    - target: {fileID: 13700008, guid: 8f0565f23a2b58541a475bd3c1393052, type: 3}
      propertyPath: m_AABB.m_Extent.z
      value: 0.020959504
      objectReference: {fileID: 0}
    - target: {fileID: 13700008, guid: 8f0565f23a2b58541a475bd3c1393052, type: 3}
      propertyPath: m_DirtyAABB
      value: 0
      objectReference: {fileID: 0}
    - target: {fileID: 13700020, guid: 8f0565f23a2b58541a475bd3c1393052, type: 3}
      propertyPath: m_AABB.m_Center.y
      value: 1.3662745
      objectReference: {fileID: 0}
    - target: {fileID: 13700020, guid: 8f0565f23a2b58541a475bd3c1393052, type: 3}
      propertyPath: m_AABB.m_Center.z
      value: 0.0315425
      objectReference: {fileID: 0}
    - target: {fileID: 13700020, guid: 8f0565f23a2b58541a475bd3c1393052, type: 3}
      propertyPath: m_AABB.m_Extent.x
      value: 0.078469
      objectReference: {fileID: 0}
    - target: {fileID: 13700020, guid: 8f0565f23a2b58541a475bd3c1393052, type: 3}
      propertyPath: m_AABB.m_Extent.y
      value: 0.106027484
      objectReference: {fileID: 0}
    - target: {fileID: 13700020, guid: 8f0565f23a2b58541a475bd3c1393052, type: 3}
      propertyPath: m_AABB.m_Extent.z
      value: 0.0553375
      objectReference: {fileID: 0}
    - target: {fileID: 13700020, guid: 8f0565f23a2b58541a475bd3c1393052, type: 3}
      propertyPath: m_DirtyAABB
      value: 0
      objectReference: {fileID: 0}
    m_RemovedComponents: []
  m_SourcePrefab: {fileID: 100100000, guid: 8f0565f23a2b58541a475bd3c1393052, type: 3}
--- !u!1001 &1065807454
PrefabInstance:
  m_ObjectHideFlags: 0
  serializedVersion: 2
  m_Modification:
    m_TransformParent: {fileID: 0}
    m_Modifications:
    - target: {fileID: 100000, guid: afd87de2afd2b53458d16aba6b677c3f, type: 3}
      propertyPath: m_Name
      value: Baggage_2_FINAL_IP
      objectReference: {fileID: 0}
    - target: {fileID: 100148, guid: afd87de2afd2b53458d16aba6b677c3f, type: 3}
      propertyPath: m_IsActive
      value: 0
      objectReference: {fileID: 0}
    - target: {fileID: 100150, guid: afd87de2afd2b53458d16aba6b677c3f, type: 3}
      propertyPath: m_IsActive
      value: 0
      objectReference: {fileID: 0}
    - target: {fileID: 100186, guid: afd87de2afd2b53458d16aba6b677c3f, type: 3}
      propertyPath: m_IsActive
      value: 0
      objectReference: {fileID: 0}
    - target: {fileID: 100188, guid: afd87de2afd2b53458d16aba6b677c3f, type: 3}
      propertyPath: m_IsActive
      value: 0
      objectReference: {fileID: 0}
    - target: {fileID: 400000, guid: afd87de2afd2b53458d16aba6b677c3f, type: 3}
      propertyPath: m_LocalPosition.x
      value: 0
      objectReference: {fileID: 0}
    - target: {fileID: 400000, guid: afd87de2afd2b53458d16aba6b677c3f, type: 3}
      propertyPath: m_LocalPosition.y
      value: 0
      objectReference: {fileID: 0}
    - target: {fileID: 400000, guid: afd87de2afd2b53458d16aba6b677c3f, type: 3}
      propertyPath: m_LocalPosition.z
      value: 0
      objectReference: {fileID: 0}
    - target: {fileID: 400000, guid: afd87de2afd2b53458d16aba6b677c3f, type: 3}
      propertyPath: m_LocalRotation.x
      value: 0
      objectReference: {fileID: 0}
    - target: {fileID: 400000, guid: afd87de2afd2b53458d16aba6b677c3f, type: 3}
      propertyPath: m_LocalRotation.y
      value: 0
      objectReference: {fileID: 0}
    - target: {fileID: 400000, guid: afd87de2afd2b53458d16aba6b677c3f, type: 3}
      propertyPath: m_LocalRotation.z
      value: 0
      objectReference: {fileID: 0}
    - target: {fileID: 400000, guid: afd87de2afd2b53458d16aba6b677c3f, type: 3}
      propertyPath: m_LocalRotation.w
      value: 1
      objectReference: {fileID: 0}
    - target: {fileID: 400000, guid: afd87de2afd2b53458d16aba6b677c3f, type: 3}
      propertyPath: m_RootOrder
      value: 3
      objectReference: {fileID: 0}
    - target: {fileID: 400000, guid: afd87de2afd2b53458d16aba6b677c3f, type: 3}
      propertyPath: m_LocalEulerAnglesHint.x
      value: 0
      objectReference: {fileID: 0}
    - target: {fileID: 400000, guid: afd87de2afd2b53458d16aba6b677c3f, type: 3}
      propertyPath: m_LocalEulerAnglesHint.y
      value: 0
      objectReference: {fileID: 0}
    - target: {fileID: 400000, guid: afd87de2afd2b53458d16aba6b677c3f, type: 3}
      propertyPath: m_LocalEulerAnglesHint.z
      value: 0
      objectReference: {fileID: 0}
    - target: {fileID: 9500000, guid: afd87de2afd2b53458d16aba6b677c3f, type: 3}
      propertyPath: m_Controller
      value: 
      objectReference: {fileID: 9100000, guid: 8af2514ed55ab23418c6f556dec483aa, type: 2}
    m_RemovedComponents: []
  m_SourcePrefab: {fileID: 100100000, guid: afd87de2afd2b53458d16aba6b677c3f, type: 3}
--- !u!1001 &1190404596
PrefabInstance:
  m_ObjectHideFlags: 0
  serializedVersion: 2
  m_Modification:
    m_TransformParent: {fileID: 0}
    m_Modifications:
    - target: {fileID: 100326, guid: 8f0565f23a2b58541a475bd3c1393052, type: 3}
      propertyPath: m_Name
      value: unitychan (5)
      objectReference: {fileID: 0}
    - target: {fileID: 400020, guid: 8f0565f23a2b58541a475bd3c1393052, type: 3}
      propertyPath: m_LocalRotation.x
      value: 0.0027491876
      objectReference: {fileID: 0}
    - target: {fileID: 400020, guid: 8f0565f23a2b58541a475bd3c1393052, type: 3}
      propertyPath: m_LocalRotation.z
      value: 0.004609382
      objectReference: {fileID: 0}
    - target: {fileID: 400326, guid: 8f0565f23a2b58541a475bd3c1393052, type: 3}
      propertyPath: m_LocalPosition.x
      value: 3.18
      objectReference: {fileID: 0}
    - target: {fileID: 400326, guid: 8f0565f23a2b58541a475bd3c1393052, type: 3}
      propertyPath: m_LocalPosition.y
      value: 0
      objectReference: {fileID: 0}
    - target: {fileID: 400326, guid: 8f0565f23a2b58541a475bd3c1393052, type: 3}
      propertyPath: m_LocalPosition.z
      value: 0.2
      objectReference: {fileID: 0}
    - target: {fileID: 400326, guid: 8f0565f23a2b58541a475bd3c1393052, type: 3}
      propertyPath: m_LocalRotation.x
      value: 0
      objectReference: {fileID: 0}
    - target: {fileID: 400326, guid: 8f0565f23a2b58541a475bd3c1393052, type: 3}
      propertyPath: m_LocalRotation.y
      value: 0
      objectReference: {fileID: 0}
    - target: {fileID: 400326, guid: 8f0565f23a2b58541a475bd3c1393052, type: 3}
      propertyPath: m_LocalRotation.z
      value: 0
      objectReference: {fileID: 0}
    - target: {fileID: 400326, guid: 8f0565f23a2b58541a475bd3c1393052, type: 3}
      propertyPath: m_LocalRotation.w
      value: 1
      objectReference: {fileID: 0}
    - target: {fileID: 400326, guid: 8f0565f23a2b58541a475bd3c1393052, type: 3}
      propertyPath: m_RootOrder
      value: 14
      objectReference: {fileID: 0}
    - target: {fileID: 400326, guid: 8f0565f23a2b58541a475bd3c1393052, type: 3}
      propertyPath: m_LocalEulerAnglesHint.x
      value: 0
      objectReference: {fileID: 0}
    - target: {fileID: 400326, guid: 8f0565f23a2b58541a475bd3c1393052, type: 3}
      propertyPath: m_LocalEulerAnglesHint.y
      value: 0
      objectReference: {fileID: 0}
    - target: {fileID: 400326, guid: 8f0565f23a2b58541a475bd3c1393052, type: 3}
      propertyPath: m_LocalEulerAnglesHint.z
      value: 0
      objectReference: {fileID: 0}
    - target: {fileID: 9500000, guid: 8f0565f23a2b58541a475bd3c1393052, type: 3}
      propertyPath: m_Controller
      value: 
      objectReference: {fileID: 9100000, guid: c8b99fda43689e540be75ef6ee53dc32, type: 2}
    - target: {fileID: 13700000, guid: 8f0565f23a2b58541a475bd3c1393052, type: 3}
      propertyPath: m_AABB.m_Center.y
      value: 1.380296
      objectReference: {fileID: 0}
    - target: {fileID: 13700000, guid: 8f0565f23a2b58541a475bd3c1393052, type: 3}
      propertyPath: m_AABB.m_Center.z
      value: 0.075430006
      objectReference: {fileID: 0}
    - target: {fileID: 13700000, guid: 8f0565f23a2b58541a475bd3c1393052, type: 3}
      propertyPath: m_AABB.m_Extent.x
      value: 0.05102
      objectReference: {fileID: 0}
    - target: {fileID: 13700000, guid: 8f0565f23a2b58541a475bd3c1393052, type: 3}
      propertyPath: m_AABB.m_Extent.y
      value: 0.012729228
      objectReference: {fileID: 0}
    - target: {fileID: 13700000, guid: 8f0565f23a2b58541a475bd3c1393052, type: 3}
      propertyPath: m_AABB.m_Extent.z
      value: 0.006349992
      objectReference: {fileID: 0}
    - target: {fileID: 13700000, guid: 8f0565f23a2b58541a475bd3c1393052, type: 3}
      propertyPath: m_DirtyAABB
      value: 0
      objectReference: {fileID: 0}
    - target: {fileID: 13700006, guid: 8f0565f23a2b58541a475bd3c1393052, type: 3}
      propertyPath: m_AABB.m_Center.y
      value: 1.3495715
      objectReference: {fileID: 0}
    - target: {fileID: 13700006, guid: 8f0565f23a2b58541a475bd3c1393052, type: 3}
      propertyPath: m_AABB.m_Center.z
      value: 0.06277
      objectReference: {fileID: 0}
    - target: {fileID: 13700006, guid: 8f0565f23a2b58541a475bd3c1393052, type: 3}
      propertyPath: m_AABB.m_Extent.x
      value: 0.071504995
      objectReference: {fileID: 0}
    - target: {fileID: 13700006, guid: 8f0565f23a2b58541a475bd3c1393052, type: 3}
      propertyPath: m_AABB.m_Extent.y
      value: 0.023665488
      objectReference: {fileID: 0}
    - target: {fileID: 13700006, guid: 8f0565f23a2b58541a475bd3c1393052, type: 3}
      propertyPath: m_AABB.m_Extent.z
      value: 0.011460001
      objectReference: {fileID: 0}
    - target: {fileID: 13700006, guid: 8f0565f23a2b58541a475bd3c1393052, type: 3}
      propertyPath: m_DirtyAABB
      value: 0
      objectReference: {fileID: 0}
    - target: {fileID: 13700008, guid: 8f0565f23a2b58541a475bd3c1393052, type: 3}
      propertyPath: m_AABB.m_Center.y
      value: 1.3556354
      objectReference: {fileID: 0}
    - target: {fileID: 13700008, guid: 8f0565f23a2b58541a475bd3c1393052, type: 3}
      propertyPath: m_AABB.m_Center.z
      value: 0.0608415
      objectReference: {fileID: 0}
    - target: {fileID: 13700008, guid: 8f0565f23a2b58541a475bd3c1393052, type: 3}
      propertyPath: m_AABB.m_Extent.x
      value: 0.076811
      objectReference: {fileID: 0}
    - target: {fileID: 13700008, guid: 8f0565f23a2b58541a475bd3c1393052, type: 3}
      propertyPath: m_AABB.m_Extent.y
      value: 0.041534483
      objectReference: {fileID: 0}
    - target: {fileID: 13700008, guid: 8f0565f23a2b58541a475bd3c1393052, type: 3}
      propertyPath: m_AABB.m_Extent.z
      value: 0.020959504
      objectReference: {fileID: 0}
    - target: {fileID: 13700008, guid: 8f0565f23a2b58541a475bd3c1393052, type: 3}
      propertyPath: m_DirtyAABB
      value: 0
      objectReference: {fileID: 0}
    - target: {fileID: 13700020, guid: 8f0565f23a2b58541a475bd3c1393052, type: 3}
      propertyPath: m_AABB.m_Center.y
      value: 1.3662745
      objectReference: {fileID: 0}
    - target: {fileID: 13700020, guid: 8f0565f23a2b58541a475bd3c1393052, type: 3}
      propertyPath: m_AABB.m_Center.z
      value: 0.0315425
      objectReference: {fileID: 0}
    - target: {fileID: 13700020, guid: 8f0565f23a2b58541a475bd3c1393052, type: 3}
      propertyPath: m_AABB.m_Extent.x
      value: 0.078469
      objectReference: {fileID: 0}
    - target: {fileID: 13700020, guid: 8f0565f23a2b58541a475bd3c1393052, type: 3}
      propertyPath: m_AABB.m_Extent.y
      value: 0.106027484
      objectReference: {fileID: 0}
    - target: {fileID: 13700020, guid: 8f0565f23a2b58541a475bd3c1393052, type: 3}
      propertyPath: m_AABB.m_Extent.z
      value: 0.0553375
      objectReference: {fileID: 0}
    - target: {fileID: 13700020, guid: 8f0565f23a2b58541a475bd3c1393052, type: 3}
      propertyPath: m_DirtyAABB
      value: 0
      objectReference: {fileID: 0}
    m_RemovedComponents: []
  m_SourcePrefab: {fileID: 100100000, guid: 8f0565f23a2b58541a475bd3c1393052, type: 3}
--- !u!1001 &1330826177
PrefabInstance:
  m_ObjectHideFlags: 0
  serializedVersion: 2
  m_Modification:
    m_TransformParent: {fileID: 0}
    m_Modifications:
    - target: {fileID: 100146, guid: 6de2cbfa2754c8d40a2e32af94c8fba8, type: 3}
      propertyPath: m_IsActive
      value: 0
      objectReference: {fileID: 0}
    - target: {fileID: 100148, guid: 6de2cbfa2754c8d40a2e32af94c8fba8, type: 3}
      propertyPath: m_IsActive
      value: 0
      objectReference: {fileID: 0}
    - target: {fileID: 100184, guid: 6de2cbfa2754c8d40a2e32af94c8fba8, type: 3}
      propertyPath: m_IsActive
      value: 0
      objectReference: {fileID: 0}
    - target: {fileID: 100186, guid: 6de2cbfa2754c8d40a2e32af94c8fba8, type: 3}
      propertyPath: m_IsActive
      value: 0
      objectReference: {fileID: 0}
    - target: {fileID: 100192, guid: 6de2cbfa2754c8d40a2e32af94c8fba8, type: 3}
      propertyPath: m_Name
      value: Stepping_stone_FINAL_IP
      objectReference: {fileID: 0}
    - target: {fileID: 400192, guid: 6de2cbfa2754c8d40a2e32af94c8fba8, type: 3}
      propertyPath: m_LocalPosition.x
      value: -3.48
      objectReference: {fileID: 0}
    - target: {fileID: 400192, guid: 6de2cbfa2754c8d40a2e32af94c8fba8, type: 3}
      propertyPath: m_LocalPosition.y
      value: 0
      objectReference: {fileID: 0}
    - target: {fileID: 400192, guid: 6de2cbfa2754c8d40a2e32af94c8fba8, type: 3}
      propertyPath: m_LocalPosition.z
      value: 0
      objectReference: {fileID: 0}
    - target: {fileID: 400192, guid: 6de2cbfa2754c8d40a2e32af94c8fba8, type: 3}
      propertyPath: m_LocalRotation.x
      value: 0
      objectReference: {fileID: 0}
    - target: {fileID: 400192, guid: 6de2cbfa2754c8d40a2e32af94c8fba8, type: 3}
      propertyPath: m_LocalRotation.y
      value: 0
      objectReference: {fileID: 0}
    - target: {fileID: 400192, guid: 6de2cbfa2754c8d40a2e32af94c8fba8, type: 3}
      propertyPath: m_LocalRotation.z
      value: 0
      objectReference: {fileID: 0}
    - target: {fileID: 400192, guid: 6de2cbfa2754c8d40a2e32af94c8fba8, type: 3}
      propertyPath: m_LocalRotation.w
      value: 1
      objectReference: {fileID: 0}
    - target: {fileID: 400192, guid: 6de2cbfa2754c8d40a2e32af94c8fba8, type: 3}
      propertyPath: m_RootOrder
      value: 15
      objectReference: {fileID: 0}
    - target: {fileID: 400192, guid: 6de2cbfa2754c8d40a2e32af94c8fba8, type: 3}
      propertyPath: m_LocalEulerAnglesHint.x
      value: 0
      objectReference: {fileID: 0}
    - target: {fileID: 400192, guid: 6de2cbfa2754c8d40a2e32af94c8fba8, type: 3}
      propertyPath: m_LocalEulerAnglesHint.y
      value: 0
      objectReference: {fileID: 0}
    - target: {fileID: 400192, guid: 6de2cbfa2754c8d40a2e32af94c8fba8, type: 3}
      propertyPath: m_LocalEulerAnglesHint.z
      value: 0
      objectReference: {fileID: 0}
    - target: {fileID: 9500000, guid: 6de2cbfa2754c8d40a2e32af94c8fba8, type: 3}
      propertyPath: m_Controller
      value: 
      objectReference: {fileID: 9100000, guid: a8e320b33064a1b4fa99715a7b2ea2df, type: 2}
    m_RemovedComponents: []
  m_SourcePrefab: {fileID: 100100000, guid: 6de2cbfa2754c8d40a2e32af94c8fba8, type: 3}
--- !u!1001 &1666602800
PrefabInstance:
  m_ObjectHideFlags: 0
  serializedVersion: 2
  m_Modification:
    m_TransformParent: {fileID: 0}
    m_Modifications:
    - target: {fileID: 100326, guid: 8f0565f23a2b58541a475bd3c1393052, type: 3}
      propertyPath: m_Name
      value: unitychan (6)
      objectReference: {fileID: 0}
    - target: {fileID: 400020, guid: 8f0565f23a2b58541a475bd3c1393052, type: 3}
      propertyPath: m_LocalRotation.x
      value: 0.0027491879
      objectReference: {fileID: 0}
    - target: {fileID: 400020, guid: 8f0565f23a2b58541a475bd3c1393052, type: 3}
      propertyPath: m_LocalRotation.z
      value: 0.0046093822
      objectReference: {fileID: 0}
    - target: {fileID: 400326, guid: 8f0565f23a2b58541a475bd3c1393052, type: 3}
      propertyPath: m_LocalPosition.x
      value: -4.05
      objectReference: {fileID: 0}
    - target: {fileID: 400326, guid: 8f0565f23a2b58541a475bd3c1393052, type: 3}
      propertyPath: m_LocalPosition.y
      value: 0
      objectReference: {fileID: 0}
    - target: {fileID: 400326, guid: 8f0565f23a2b58541a475bd3c1393052, type: 3}
      propertyPath: m_LocalPosition.z
      value: 0.2
      objectReference: {fileID: 0}
    - target: {fileID: 400326, guid: 8f0565f23a2b58541a475bd3c1393052, type: 3}
      propertyPath: m_LocalRotation.x
      value: 0
      objectReference: {fileID: 0}
    - target: {fileID: 400326, guid: 8f0565f23a2b58541a475bd3c1393052, type: 3}
      propertyPath: m_LocalRotation.y
      value: 0
      objectReference: {fileID: 0}
    - target: {fileID: 400326, guid: 8f0565f23a2b58541a475bd3c1393052, type: 3}
      propertyPath: m_LocalRotation.z
      value: 0
      objectReference: {fileID: 0}
    - target: {fileID: 400326, guid: 8f0565f23a2b58541a475bd3c1393052, type: 3}
      propertyPath: m_LocalRotation.w
      value: 1
      objectReference: {fileID: 0}
    - target: {fileID: 400326, guid: 8f0565f23a2b58541a475bd3c1393052, type: 3}
      propertyPath: m_RootOrder
      value: 16
      objectReference: {fileID: 0}
    - target: {fileID: 400326, guid: 8f0565f23a2b58541a475bd3c1393052, type: 3}
      propertyPath: m_LocalEulerAnglesHint.x
      value: 0
      objectReference: {fileID: 0}
    - target: {fileID: 400326, guid: 8f0565f23a2b58541a475bd3c1393052, type: 3}
      propertyPath: m_LocalEulerAnglesHint.y
      value: 0
      objectReference: {fileID: 0}
    - target: {fileID: 400326, guid: 8f0565f23a2b58541a475bd3c1393052, type: 3}
      propertyPath: m_LocalEulerAnglesHint.z
      value: 0
      objectReference: {fileID: 0}
    - target: {fileID: 9500000, guid: 8f0565f23a2b58541a475bd3c1393052, type: 3}
      propertyPath: m_Controller
      value: 
      objectReference: {fileID: 9100000, guid: a8e320b33064a1b4fa99715a7b2ea2df, type: 2}
    - target: {fileID: 13700000, guid: 8f0565f23a2b58541a475bd3c1393052, type: 3}
      propertyPath: m_AABB.m_Center.y
      value: 1.380296
      objectReference: {fileID: 0}
    - target: {fileID: 13700000, guid: 8f0565f23a2b58541a475bd3c1393052, type: 3}
      propertyPath: m_AABB.m_Center.z
      value: 0.075430006
      objectReference: {fileID: 0}
    - target: {fileID: 13700000, guid: 8f0565f23a2b58541a475bd3c1393052, type: 3}
      propertyPath: m_AABB.m_Extent.x
      value: 0.05102
      objectReference: {fileID: 0}
    - target: {fileID: 13700000, guid: 8f0565f23a2b58541a475bd3c1393052, type: 3}
      propertyPath: m_AABB.m_Extent.y
      value: 0.012729228
      objectReference: {fileID: 0}
    - target: {fileID: 13700000, guid: 8f0565f23a2b58541a475bd3c1393052, type: 3}
      propertyPath: m_AABB.m_Extent.z
      value: 0.006349992
      objectReference: {fileID: 0}
    - target: {fileID: 13700000, guid: 8f0565f23a2b58541a475bd3c1393052, type: 3}
      propertyPath: m_DirtyAABB
      value: 0
      objectReference: {fileID: 0}
    - target: {fileID: 13700006, guid: 8f0565f23a2b58541a475bd3c1393052, type: 3}
      propertyPath: m_AABB.m_Center.y
      value: 1.3495715
      objectReference: {fileID: 0}
    - target: {fileID: 13700006, guid: 8f0565f23a2b58541a475bd3c1393052, type: 3}
      propertyPath: m_AABB.m_Center.z
      value: 0.06277
      objectReference: {fileID: 0}
    - target: {fileID: 13700006, guid: 8f0565f23a2b58541a475bd3c1393052, type: 3}
      propertyPath: m_AABB.m_Extent.x
      value: 0.071504995
      objectReference: {fileID: 0}
    - target: {fileID: 13700006, guid: 8f0565f23a2b58541a475bd3c1393052, type: 3}
      propertyPath: m_AABB.m_Extent.y
      value: 0.023665488
      objectReference: {fileID: 0}
    - target: {fileID: 13700006, guid: 8f0565f23a2b58541a475bd3c1393052, type: 3}
      propertyPath: m_AABB.m_Extent.z
      value: 0.011460001
      objectReference: {fileID: 0}
    - target: {fileID: 13700006, guid: 8f0565f23a2b58541a475bd3c1393052, type: 3}
      propertyPath: m_DirtyAABB
      value: 0
      objectReference: {fileID: 0}
    - target: {fileID: 13700008, guid: 8f0565f23a2b58541a475bd3c1393052, type: 3}
      propertyPath: m_AABB.m_Center.y
      value: 1.3556354
      objectReference: {fileID: 0}
    - target: {fileID: 13700008, guid: 8f0565f23a2b58541a475bd3c1393052, type: 3}
      propertyPath: m_AABB.m_Center.z
      value: 0.0608415
      objectReference: {fileID: 0}
    - target: {fileID: 13700008, guid: 8f0565f23a2b58541a475bd3c1393052, type: 3}
      propertyPath: m_AABB.m_Extent.x
      value: 0.076811
      objectReference: {fileID: 0}
    - target: {fileID: 13700008, guid: 8f0565f23a2b58541a475bd3c1393052, type: 3}
      propertyPath: m_AABB.m_Extent.y
      value: 0.041534483
      objectReference: {fileID: 0}
    - target: {fileID: 13700008, guid: 8f0565f23a2b58541a475bd3c1393052, type: 3}
      propertyPath: m_AABB.m_Extent.z
      value: 0.020959504
      objectReference: {fileID: 0}
    - target: {fileID: 13700008, guid: 8f0565f23a2b58541a475bd3c1393052, type: 3}
      propertyPath: m_DirtyAABB
      value: 0
      objectReference: {fileID: 0}
    - target: {fileID: 13700020, guid: 8f0565f23a2b58541a475bd3c1393052, type: 3}
      propertyPath: m_AABB.m_Center.y
      value: 1.3662745
      objectReference: {fileID: 0}
    - target: {fileID: 13700020, guid: 8f0565f23a2b58541a475bd3c1393052, type: 3}
      propertyPath: m_AABB.m_Center.z
      value: 0.0315425
      objectReference: {fileID: 0}
    - target: {fileID: 13700020, guid: 8f0565f23a2b58541a475bd3c1393052, type: 3}
      propertyPath: m_AABB.m_Extent.x
      value: 0.078469
      objectReference: {fileID: 0}
    - target: {fileID: 13700020, guid: 8f0565f23a2b58541a475bd3c1393052, type: 3}
      propertyPath: m_AABB.m_Extent.y
      value: 0.106027484
      objectReference: {fileID: 0}
    - target: {fileID: 13700020, guid: 8f0565f23a2b58541a475bd3c1393052, type: 3}
      propertyPath: m_AABB.m_Extent.z
      value: 0.0553375
      objectReference: {fileID: 0}
    - target: {fileID: 13700020, guid: 8f0565f23a2b58541a475bd3c1393052, type: 3}
      propertyPath: m_DirtyAABB
      value: 0
      objectReference: {fileID: 0}
    m_RemovedComponents: []
  m_SourcePrefab: {fileID: 100100000, guid: 8f0565f23a2b58541a475bd3c1393052, type: 3}
--- !u!1001 &1794374584
PrefabInstance:
  m_ObjectHideFlags: 0
  serializedVersion: 2
  m_Modification:
    m_TransformParent: {fileID: 0}
    m_Modifications:
    - target: {fileID: 100146, guid: a3dc1248fa6e5cc429912f909ac173ca, type: 3}
      propertyPath: m_IsActive
      value: 0
      objectReference: {fileID: 0}
    - target: {fileID: 100148, guid: a3dc1248fa6e5cc429912f909ac173ca, type: 3}
      propertyPath: m_IsActive
      value: 0
      objectReference: {fileID: 0}
    - target: {fileID: 100162, guid: a3dc1248fa6e5cc429912f909ac173ca, type: 3}
      propertyPath: m_Name
      value: Orc_FINAL_IP
      objectReference: {fileID: 0}
    - target: {fileID: 100186, guid: a3dc1248fa6e5cc429912f909ac173ca, type: 3}
      propertyPath: m_IsActive
      value: 0
      objectReference: {fileID: 0}
    - target: {fileID: 100188, guid: a3dc1248fa6e5cc429912f909ac173ca, type: 3}
      propertyPath: m_IsActive
      value: 0
      objectReference: {fileID: 0}
    - target: {fileID: 400162, guid: a3dc1248fa6e5cc429912f909ac173ca, type: 3}
      propertyPath: m_LocalPosition.x
      value: 2.67
      objectReference: {fileID: 0}
    - target: {fileID: 400162, guid: a3dc1248fa6e5cc429912f909ac173ca, type: 3}
      propertyPath: m_LocalPosition.y
      value: 0
      objectReference: {fileID: 0}
    - target: {fileID: 400162, guid: a3dc1248fa6e5cc429912f909ac173ca, type: 3}
      propertyPath: m_LocalPosition.z
      value: -0.52
      objectReference: {fileID: 0}
    - target: {fileID: 400162, guid: a3dc1248fa6e5cc429912f909ac173ca, type: 3}
      propertyPath: m_LocalRotation.x
      value: 0
      objectReference: {fileID: 0}
    - target: {fileID: 400162, guid: a3dc1248fa6e5cc429912f909ac173ca, type: 3}
      propertyPath: m_LocalRotation.y
      value: 0
      objectReference: {fileID: 0}
    - target: {fileID: 400162, guid: a3dc1248fa6e5cc429912f909ac173ca, type: 3}
      propertyPath: m_LocalRotation.z
      value: 0
      objectReference: {fileID: 0}
    - target: {fileID: 400162, guid: a3dc1248fa6e5cc429912f909ac173ca, type: 3}
      propertyPath: m_LocalRotation.w
      value: 1
      objectReference: {fileID: 0}
    - target: {fileID: 400162, guid: a3dc1248fa6e5cc429912f909ac173ca, type: 3}
      propertyPath: m_RootOrder
      value: 9
      objectReference: {fileID: 0}
    - target: {fileID: 400162, guid: a3dc1248fa6e5cc429912f909ac173ca, type: 3}
      propertyPath: m_LocalEulerAnglesHint.x
      value: 0
      objectReference: {fileID: 0}
    - target: {fileID: 400162, guid: a3dc1248fa6e5cc429912f909ac173ca, type: 3}
      propertyPath: m_LocalEulerAnglesHint.y
      value: 0
      objectReference: {fileID: 0}
    - target: {fileID: 400162, guid: a3dc1248fa6e5cc429912f909ac173ca, type: 3}
      propertyPath: m_LocalEulerAnglesHint.z
      value: 0
      objectReference: {fileID: 0}
    - target: {fileID: 9500000, guid: a3dc1248fa6e5cc429912f909ac173ca, type: 3}
      propertyPath: m_Controller
      value: 
      objectReference: {fileID: 9100000, guid: 5c5537d9018d45b47a3a21325207845d, type: 2}
    m_RemovedComponents: []
  m_SourcePrefab: {fileID: 100100000, guid: a3dc1248fa6e5cc429912f909ac173ca, type: 3}
--- !u!1001 &2122107626
PrefabInstance:
  m_ObjectHideFlags: 0
  serializedVersion: 2
  m_Modification:
    m_TransformParent: {fileID: 0}
    m_Modifications:
    - target: {fileID: 177232, guid: b0645c197351b2f4a9b4df4c619fd633, type: 3}
      propertyPath: m_Name
      value: Plane
      objectReference: {fileID: 0}
    - target: {fileID: 415788, guid: b0645c197351b2f4a9b4df4c619fd633, type: 3}
      propertyPath: m_LocalPosition.x
      value: 0
      objectReference: {fileID: 0}
    - target: {fileID: 415788, guid: b0645c197351b2f4a9b4df4c619fd633, type: 3}
      propertyPath: m_LocalPosition.y
      value: 0
      objectReference: {fileID: 0}
    - target: {fileID: 415788, guid: b0645c197351b2f4a9b4df4c619fd633, type: 3}
      propertyPath: m_LocalPosition.z
      value: -10
      objectReference: {fileID: 0}
    - target: {fileID: 415788, guid: b0645c197351b2f4a9b4df4c619fd633, type: 3}
      propertyPath: m_LocalRotation.x
      value: 0
      objectReference: {fileID: 0}
    - target: {fileID: 415788, guid: b0645c197351b2f4a9b4df4c619fd633, type: 3}
      propertyPath: m_LocalRotation.y
      value: 0
      objectReference: {fileID: 0}
    - target: {fileID: 415788, guid: b0645c197351b2f4a9b4df4c619fd633, type: 3}
      propertyPath: m_LocalRotation.z
      value: 0
      objectReference: {fileID: 0}
    - target: {fileID: 415788, guid: b0645c197351b2f4a9b4df4c619fd633, type: 3}
      propertyPath: m_LocalRotation.w
      value: 1
      objectReference: {fileID: 0}
    - target: {fileID: 415788, guid: b0645c197351b2f4a9b4df4c619fd633, type: 3}
      propertyPath: m_RootOrder
      value: 2
      objectReference: {fileID: 0}
    - target: {fileID: 415788, guid: b0645c197351b2f4a9b4df4c619fd633, type: 3}
      propertyPath: m_LocalEulerAnglesHint.x
      value: 0
      objectReference: {fileID: 0}
    - target: {fileID: 415788, guid: b0645c197351b2f4a9b4df4c619fd633, type: 3}
      propertyPath: m_LocalEulerAnglesHint.y
      value: 0
      objectReference: {fileID: 0}
    - target: {fileID: 415788, guid: b0645c197351b2f4a9b4df4c619fd633, type: 3}
      propertyPath: m_LocalEulerAnglesHint.z
      value: 0
      objectReference: {fileID: 0}
    m_RemovedComponents: []
  m_SourcePrefab: {fileID: 100100000, guid: b0645c197351b2f4a9b4df4c619fd633, type: 3}
