%YAML 1.1
%TAG !u! tag:unity3d.com,2011:
--- !u!1 &762615621
GameObject:
  m_ObjectHideFlags: 0
  m_CorrespondingSourceObject: {fileID: 0}
  m_PrefabInstance: {fileID: 0}
  m_PrefabAsset: {fileID: 0}
  serializedVersion: 6
  m_Component:
  - component: {fileID: 762615622}
  - component: {fileID: 762615623}
  m_Layer: 0
  m_Name: Tower Builder
  m_TagString: Untagged
  m_Icon: {fileID: 0}
  m_NavMeshLayer: 0
  m_StaticEditorFlags: 0
  m_IsActive: 1
--- !u!4 &762615622
Transform:
  m_ObjectHideFlags: 0
  m_CorrespondingSourceObject: {fileID: 0}
  m_PrefabInstance: {fileID: 0}
  m_PrefabAsset: {fileID: 0}
  m_GameObject: {fileID: 762615621}
  m_LocalRotation: {x: 0, y: 0, z: 0, w: 1}
  m_LocalPosition: {x: 0, y: 0, z: 0}
  m_LocalScale: {x: 1, y: 1, z: 1}
  m_Children: []
  m_Father: {fileID: 6677540043892601120}
  m_RootOrder: 7
  m_LocalEulerAnglesHint: {x: 0, y: 0, z: 0}
--- !u!114 &762615623
MonoBehaviour:
  m_ObjectHideFlags: 0
  m_CorrespondingSourceObject: {fileID: 0}
  m_PrefabInstance: {fileID: 0}
  m_PrefabAsset: {fileID: 0}
  m_GameObject: {fileID: 762615621}
  m_Enabled: 1
  m_EditorHideFlags: 0
  m_Script: {fileID: 11500000, guid: b55fca2fb9464f3aa7d3ef941472e422, type: 3}
  m_Name: 
  m_EditorClassIdentifier: 
  towerBuilderView: {fileID: 2121821100}
  spawnPoint: {fileID: 6677540043648937622}
--- !u!1 &823637576
GameObject:
  m_ObjectHideFlags: 0
  m_CorrespondingSourceObject: {fileID: 0}
  m_PrefabInstance: {fileID: 0}
  m_PrefabAsset: {fileID: 0}
  serializedVersion: 6
  m_Component:
  - component: {fileID: 823637577}
  - component: {fileID: 823637580}
  - component: {fileID: 823637579}
  - component: {fileID: 823637578}
  m_Layer: 7
  m_Name: Ground
  m_TagString: Untagged
  m_Icon: {fileID: 0}
  m_NavMeshLayer: 0
  m_StaticEditorFlags: 0
  m_IsActive: 1
--- !u!4 &823637577
Transform:
  m_ObjectHideFlags: 0
  m_CorrespondingSourceObject: {fileID: 0}
  m_PrefabInstance: {fileID: 0}
  m_PrefabAsset: {fileID: 0}
  m_GameObject: {fileID: 823637576}
  m_LocalRotation: {x: 0, y: 0, z: 0, w: 1}
  m_LocalPosition: {x: 3.16, y: -0.04, z: 0}
  m_LocalScale: {x: 1, y: 1, z: 1}
  m_Children: []
  m_Father: {fileID: 6677540043892601120}
  m_RootOrder: 9
  m_LocalEulerAnglesHint: {x: 0, y: 0, z: 0}
--- !u!33 &823637580
MeshFilter:
  m_ObjectHideFlags: 0
  m_CorrespondingSourceObject: {fileID: 0}
  m_PrefabInstance: {fileID: 0}
  m_PrefabAsset: {fileID: 0}
  m_GameObject: {fileID: 823637576}
  m_Mesh: {fileID: 0}
--- !u!23 &823637579
MeshRenderer:
  m_ObjectHideFlags: 0
  m_CorrespondingSourceObject: {fileID: 0}
  m_PrefabInstance: {fileID: 0}
  m_PrefabAsset: {fileID: 0}
  m_GameObject: {fileID: 823637576}
  m_Enabled: 1
  m_CastShadows: 0
  m_ReceiveShadows: 1
  m_DynamicOccludee: 1
  m_MotionVectors: 1
  m_LightProbeUsage: 1
  m_ReflectionProbeUsage: 1
  m_RayTracingMode: 2
  m_RayTraceProcedural: 0
  m_RenderingLayerMask: 1
  m_RendererPriority: 0
  m_Materials:
  - {fileID: 2100000, guid: 935346a8ad958416ba0352ae0b313aa6, type: 2}
  m_StaticBatchInfo:
    firstSubMesh: 0
    subMeshCount: 0
  m_StaticBatchRoot: {fileID: 0}
  m_ProbeAnchor: {fileID: 0}
  m_LightProbeVolumeOverride: {fileID: 0}
  m_ScaleInLightmap: 1
  m_ReceiveGI: 1
  m_PreserveUVs: 1
  m_IgnoreNormalsForChartDetection: 0
  m_ImportantGI: 0
  m_StitchLightmapSeams: 1
  m_SelectedEditorRenderState: 3
  m_MinimumChartSize: 4
  m_AutoUVMaxDistance: 0.5
  m_AutoUVMaxAngle: 89
  m_LightmapParameters: {fileID: 0}
  m_SortingLayerID: 0
  m_SortingLayer: 0
  m_SortingOrder: 0
  m_AdditionalVertexStreams: {fileID: 0}
--- !u!114 &823637578
MonoBehaviour:
  m_ObjectHideFlags: 0
  m_CorrespondingSourceObject: {fileID: 0}
  m_PrefabInstance: {fileID: 0}
  m_PrefabAsset: {fileID: 0}
  m_GameObject: {fileID: 823637576}
  m_Enabled: 1
  m_EditorHideFlags: 0
  m_Script: {fileID: 11500000, guid: c7d14f789f638894e8adb65de1c75806, type: 3}
  m_Name: 
  m_EditorClassIdentifier: 
  pivotOffset: {x: 0, y: 0, z: 0}
  rotation: {x: 0, y: 0, z: 0}
  radius1: 7.29
  radius2: 5
  height: 1
  cap1: 0
  capThickness1: 0.2
  cap2: 0
  capThickness2: 0.2
  sides: 40
  capSegs: 2
  heightSegs: 2
  sliceOn: 0
  sliceFrom: 0
  sliceTo: 360
  generateMappingCoords: 1
  realWorldMapSize: 0
  UVOffset: {x: 0, y: 0}
  UVTiling: {x: 1, y: 1}
  flipNormals: 0
  smooth: 1
--- !u!1 &1322668018
GameObject:
  m_ObjectHideFlags: 0
  m_CorrespondingSourceObject: {fileID: 0}
  m_PrefabInstance: {fileID: 0}
  m_PrefabAsset: {fileID: 0}
  serializedVersion: 6
  m_Component:
  - component: {fileID: 1322668019}
  - component: {fileID: 1322668020}
  m_Layer: 0
  m_Name: Level WIn Condition
  m_TagString: Untagged
  m_Icon: {fileID: 0}
  m_NavMeshLayer: 0
  m_StaticEditorFlags: 0
  m_IsActive: 1
--- !u!4 &1322668019
Transform:
  m_ObjectHideFlags: 0
  m_CorrespondingSourceObject: {fileID: 0}
  m_PrefabInstance: {fileID: 0}
  m_PrefabAsset: {fileID: 0}
  m_GameObject: {fileID: 1322668018}
  m_LocalRotation: {x: 0, y: 0, z: 0, w: 1}
  m_LocalPosition: {x: 0, y: 0, z: 0}
  m_LocalScale: {x: 1, y: 1, z: 1}
  m_Children: []
  m_Father: {fileID: 6677540043892601120}
  m_RootOrder: 6
  m_LocalEulerAnglesHint: {x: 0, y: 0, z: 0}
--- !u!114 &1322668020
MonoBehaviour:
  m_ObjectHideFlags: 0
  m_CorrespondingSourceObject: {fileID: 0}
  m_PrefabInstance: {fileID: 0}
  m_PrefabAsset: {fileID: 0}
  m_GameObject: {fileID: 1322668018}
  m_Enabled: 1
  m_EditorHideFlags: 0
  m_Script: {fileID: 11500000, guid: c919c00d302a496fa390a36430ce441a, type: 3}
  m_Name: 
  m_EditorClassIdentifier: 
--- !u!1 &1465720937588628002
GameObject:
  m_ObjectHideFlags: 0
  m_CorrespondingSourceObject: {fileID: 0}
  m_PrefabInstance: {fileID: 0}
  m_PrefabAsset: {fileID: 0}
  serializedVersion: 6
  m_Component:
  - component: {fileID: 6691972512333002545}
  - component: {fileID: 8285288456615941635}
  - component: {fileID: 2271982165797420928}
  - component: {fileID: 2358948982494915907}
  m_Layer: 7
  m_Name: Ground (1)
  m_TagString: Untagged
  m_Icon: {fileID: 0}
  m_NavMeshLayer: 0
  m_StaticEditorFlags: 0
  m_IsActive: 1
--- !u!4 &6691972512333002545
Transform:
  m_ObjectHideFlags: 0
  m_CorrespondingSourceObject: {fileID: 0}
  m_PrefabInstance: {fileID: 0}
  m_PrefabAsset: {fileID: 0}
  m_GameObject: {fileID: 1465720937588628002}
  m_LocalRotation: {x: 0, y: 0, z: 0, w: 1}
  m_LocalPosition: {x: 3.16, y: -0.21, z: 0}
  m_LocalScale: {x: 1.39, y: 1.39, z: 1.39}
  m_Children: []
  m_Father: {fileID: 6677540043892601120}
  m_RootOrder: 10
  m_LocalEulerAnglesHint: {x: 0, y: 0, z: 0}
--- !u!33 &8285288456615941635
MeshFilter:
  m_ObjectHideFlags: 0
  m_CorrespondingSourceObject: {fileID: 0}
  m_PrefabInstance: {fileID: 0}
  m_PrefabAsset: {fileID: 0}
  m_GameObject: {fileID: 1465720937588628002}
  m_Mesh: {fileID: 0}
--- !u!23 &2271982165797420928
MeshRenderer:
  m_ObjectHideFlags: 0
  m_CorrespondingSourceObject: {fileID: 0}
  m_PrefabInstance: {fileID: 0}
  m_PrefabAsset: {fileID: 0}
  m_GameObject: {fileID: 1465720937588628002}
  m_Enabled: 1
  m_CastShadows: 0
  m_ReceiveShadows: 1
  m_DynamicOccludee: 1
  m_MotionVectors: 1
  m_LightProbeUsage: 1
  m_ReflectionProbeUsage: 1
  m_RayTracingMode: 2
  m_RayTraceProcedural: 0
  m_RenderingLayerMask: 1
  m_RendererPriority: 0
  m_Materials:
  - {fileID: 2100000, guid: a7b0b710558ece940b586678c1b1363f, type: 2}
  m_StaticBatchInfo:
    firstSubMesh: 0
    subMeshCount: 0
  m_StaticBatchRoot: {fileID: 0}
  m_ProbeAnchor: {fileID: 0}
  m_LightProbeVolumeOverride: {fileID: 0}
  m_ScaleInLightmap: 1
  m_ReceiveGI: 1
  m_PreserveUVs: 1
  m_IgnoreNormalsForChartDetection: 0
  m_ImportantGI: 0
  m_StitchLightmapSeams: 1
  m_SelectedEditorRenderState: 3
  m_MinimumChartSize: 4
  m_AutoUVMaxDistance: 0.5
  m_AutoUVMaxAngle: 89
  m_LightmapParameters: {fileID: 0}
  m_SortingLayerID: 0
  m_SortingLayer: 0
  m_SortingOrder: 0
  m_AdditionalVertexStreams: {fileID: 0}
--- !u!114 &2358948982494915907
MonoBehaviour:
  m_ObjectHideFlags: 0
  m_CorrespondingSourceObject: {fileID: 0}
  m_PrefabInstance: {fileID: 0}
  m_PrefabAsset: {fileID: 0}
  m_GameObject: {fileID: 1465720937588628002}
  m_Enabled: 1
  m_EditorHideFlags: 0
  m_Script: {fileID: 11500000, guid: c7d14f789f638894e8adb65de1c75806, type: 3}
  m_Name: 
  m_EditorClassIdentifier: 
  pivotOffset: {x: 0, y: 0, z: 0}
  rotation: {x: 0, y: 0, z: 0}
  radius1: 26.73
  radius2: 5
  height: 1
  cap1: 0
  capThickness1: 0.2
  cap2: 0
  capThickness2: 0.2
  sides: 40
  capSegs: 2
  heightSegs: 2
  sliceOn: 0
  sliceFrom: 0
  sliceTo: 360
  generateMappingCoords: 1
  realWorldMapSize: 0
  UVOffset: {x: 0, y: 0}
  UVTiling: {x: 1, y: 1}
  flipNormals: 0
  smooth: 1
--- !u!1 &6677540043380185307
GameObject:
  m_ObjectHideFlags: 0
  m_CorrespondingSourceObject: {fileID: 0}
  m_PrefabInstance: {fileID: 0}
  m_PrefabAsset: {fileID: 0}
  serializedVersion: 6
  m_Component:
  - component: {fileID: 6677540043380185306}
  - component: {fileID: 6677540043380185319}
  - component: {fileID: 6677540043380185316}
  - component: {fileID: 6677540043380185317}
  m_Layer: 7
  m_Name: Ground
  m_TagString: Untagged
  m_Icon: {fileID: 0}
  m_NavMeshLayer: 0
  m_StaticEditorFlags: 0
  m_IsActive: 0
--- !u!4 &6677540043380185306
Transform:
  m_ObjectHideFlags: 0
  m_CorrespondingSourceObject: {fileID: 0}
  m_PrefabInstance: {fileID: 0}
  m_PrefabAsset: {fileID: 0}
  m_GameObject: {fileID: 6677540043380185307}
  m_LocalRotation: {x: 0, y: 0, z: 0, w: 1}
  m_LocalPosition: {x: 4.19, y: 0, z: 0}
  m_LocalScale: {x: 22.553364, y: 0.5, z: 18.883}
  m_Children: []
  m_Father: {fileID: 6677540043892601120}
  m_RootOrder: 0
  m_LocalEulerAnglesHint: {x: 0, y: 0, z: 0}
--- !u!33 &6677540043380185319
MeshFilter:
  m_ObjectHideFlags: 0
  m_CorrespondingSourceObject: {fileID: 0}
  m_PrefabInstance: {fileID: 0}
  m_PrefabAsset: {fileID: 0}
  m_GameObject: {fileID: 6677540043380185307}
  m_Mesh: {fileID: 10202, guid: 0000000000000000e000000000000000, type: 0}
--- !u!23 &6677540043380185316
MeshRenderer:
  m_ObjectHideFlags: 0
  m_CorrespondingSourceObject: {fileID: 0}
  m_PrefabInstance: {fileID: 0}
  m_PrefabAsset: {fileID: 0}
  m_GameObject: {fileID: 6677540043380185307}
  m_Enabled: 1
  m_CastShadows: 1
  m_ReceiveShadows: 1
  m_DynamicOccludee: 1
  m_MotionVectors: 1
  m_LightProbeUsage: 1
  m_ReflectionProbeUsage: 1
  m_RayTracingMode: 2
  m_RayTraceProcedural: 0
  m_RenderingLayerMask: 1
  m_RendererPriority: 0
  m_Materials:
  - {fileID: 2100000, guid: f2af11809e4d3e24aab718c6c1b1ee5d, type: 2}
  m_StaticBatchInfo:
    firstSubMesh: 0
    subMeshCount: 0
  m_StaticBatchRoot: {fileID: 0}
  m_ProbeAnchor: {fileID: 0}
  m_LightProbeVolumeOverride: {fileID: 0}
  m_ScaleInLightmap: 1
  m_ReceiveGI: 1
  m_PreserveUVs: 0
  m_IgnoreNormalsForChartDetection: 0
  m_ImportantGI: 0
  m_StitchLightmapSeams: 1
  m_SelectedEditorRenderState: 3
  m_MinimumChartSize: 4
  m_AutoUVMaxDistance: 0.5
  m_AutoUVMaxAngle: 89
  m_LightmapParameters: {fileID: 0}
  m_SortingLayerID: 0
  m_SortingLayer: 0
  m_SortingOrder: 0
  m_AdditionalVertexStreams: {fileID: 0}
--- !u!65 &6677540043380185317
BoxCollider:
  m_ObjectHideFlags: 0
  m_CorrespondingSourceObject: {fileID: 0}
  m_PrefabInstance: {fileID: 0}
  m_PrefabAsset: {fileID: 0}
  m_GameObject: {fileID: 6677540043380185307}
  m_Material: {fileID: 0}
  m_IsTrigger: 0
  m_Enabled: 1
  serializedVersion: 2
  m_Size: {x: 1, y: 1, z: 1}
  m_Center: {x: 0, y: 0, z: 0}
--- !u!1 &6677540043892601126
GameObject:
  m_ObjectHideFlags: 0
  m_CorrespondingSourceObject: {fileID: 0}
  m_PrefabInstance: {fileID: 0}
  m_PrefabAsset: {fileID: 0}
  serializedVersion: 6
  m_Component:
  - component: {fileID: 6677540043892601120}
  - component: {fileID: 6677540043892601121}
  - component: {fileID: 7093386925675271696}
  m_Layer: 0
  m_Name: Level 3
  m_TagString: Untagged
  m_Icon: {fileID: 0}
  m_NavMeshLayer: 0
  m_StaticEditorFlags: 0
  m_IsActive: 1
--- !u!4 &6677540043892601120
Transform:
  m_ObjectHideFlags: 0
  m_CorrespondingSourceObject: {fileID: 0}
  m_PrefabInstance: {fileID: 0}
  m_PrefabAsset: {fileID: 0}
  m_GameObject: {fileID: 6677540043892601126}
  m_LocalRotation: {x: 0, y: 0, z: 0, w: 1}
  m_LocalPosition: {x: 0, y: 0, z: 0}
  m_LocalScale: {x: 1, y: 1, z: 1}
  m_Children:
  - {fileID: 6677540043380185306}
  - {fileID: 6677540043648937622}
  - {fileID: 7093386926176753266}
  - {fileID: 7093386925564570143}
  - {fileID: 863670003264845459}
  - {fileID: 7093386925385174463}
  - {fileID: 1322668019}
  - {fileID: 762615622}
  - {fileID: 2121821099}
  - {fileID: 823637577}
  - {fileID: 6691972512333002545}
  - {fileID: 5006512736904111739}
  - {fileID: 5006512736435452705}
  - {fileID: 5006512735418627934}
  - {fileID: 5006512736839415712}
  - {fileID: 5006512736104499510}
  - {fileID: 5713779259455341}
  m_Father: {fileID: 0}
  m_RootOrder: 0
  m_LocalEulerAnglesHint: {x: 0, y: 0, z: 0}
--- !u!114 &6677540043892601121
MonoBehaviour:
  m_ObjectHideFlags: 0
  m_CorrespondingSourceObject: {fileID: 0}
  m_PrefabInstance: {fileID: 0}
  m_PrefabAsset: {fileID: 0}
  m_GameObject: {fileID: 6677540043892601126}
  m_Enabled: 1
  m_EditorHideFlags: 0
  m_Script: {fileID: 11500000, guid: 40175c0555b84872a947ad1349734430, type: 3}
  m_Name: 
  m_EditorClassIdentifier: 
  id: lvl_0003
--- !u!114 &7093386925675271696
MonoBehaviour:
  m_ObjectHideFlags: 0
  m_CorrespondingSourceObject: {fileID: 0}
  m_PrefabInstance: {fileID: 0}
  m_PrefabAsset: {fileID: 0}
  m_GameObject: {fileID: 6677540043892601126}
  m_Enabled: 1
  m_EditorHideFlags: 0
  m_Script: {fileID: 11500000, guid: cea812d9de2c4ba8a56d9a2abe97714a, type: 3}
  m_Name: 
  m_EditorClassIdentifier: 
--- !u!1 &7093386925385174457
GameObject:
  m_ObjectHideFlags: 0
  m_CorrespondingSourceObject: {fileID: 0}
  m_PrefabInstance: {fileID: 0}
  m_PrefabAsset: {fileID: 0}
  serializedVersion: 6
  m_Component:
  - component: {fileID: 7093386925385174463}
  - component: {fileID: 7093386925385174462}
  m_Layer: 0
  m_Name: Tap Circle
  m_TagString: Untagged
  m_Icon: {fileID: 0}
  m_NavMeshLayer: 0
  m_StaticEditorFlags: 0
  m_IsActive: 0
--- !u!4 &7093386925385174463
Transform:
  m_ObjectHideFlags: 0
  m_CorrespondingSourceObject: {fileID: 0}
  m_PrefabInstance: {fileID: 0}
  m_PrefabAsset: {fileID: 0}
  m_GameObject: {fileID: 7093386925385174457}
  m_LocalRotation: {x: 0.7071068, y: -0, z: -0, w: 0.7071068}
  m_LocalPosition: {x: -0.69, y: 0.256, z: 0}
  m_LocalScale: {x: 1, y: 1, z: 1}
  m_Children: []
  m_Father: {fileID: 6677540043892601120}
  m_RootOrder: 5
  m_LocalEulerAnglesHint: {x: 90, y: 0, z: 0}
--- !u!212 &7093386925385174462
SpriteRenderer:
  m_ObjectHideFlags: 0
  m_CorrespondingSourceObject: {fileID: 0}
  m_PrefabInstance: {fileID: 0}
  m_PrefabAsset: {fileID: 0}
  m_GameObject: {fileID: 7093386925385174457}
  m_Enabled: 1
  m_CastShadows: 0
  m_ReceiveShadows: 0
  m_DynamicOccludee: 1
  m_MotionVectors: 1
  m_LightProbeUsage: 1
  m_ReflectionProbeUsage: 1
  m_RayTracingMode: 0
  m_RayTraceProcedural: 0
  m_RenderingLayerMask: 1
  m_RendererPriority: 0
  m_Materials:
  - {fileID: 10754, guid: 0000000000000000f000000000000000, type: 0}
  m_StaticBatchInfo:
    firstSubMesh: 0
    subMeshCount: 0
  m_StaticBatchRoot: {fileID: 0}
  m_ProbeAnchor: {fileID: 0}
  m_LightProbeVolumeOverride: {fileID: 0}
  m_ScaleInLightmap: 1
  m_ReceiveGI: 1
  m_PreserveUVs: 0
  m_IgnoreNormalsForChartDetection: 0
  m_ImportantGI: 0
  m_StitchLightmapSeams: 1
  m_SelectedEditorRenderState: 0
  m_MinimumChartSize: 4
  m_AutoUVMaxDistance: 0.5
  m_AutoUVMaxAngle: 89
  m_LightmapParameters: {fileID: 0}
  m_SortingLayerID: 0
  m_SortingLayer: 0
  m_SortingOrder: 3
  m_Sprite: {fileID: 21300000, guid: 3fdbaf76147e5e841af73f8cb669a22b, type: 3}
  m_Color: {r: 0, g: 0.7725668, b: 1, a: 1}
  m_FlipX: 0
  m_FlipY: 0
  m_DrawMode: 0
  m_Size: {x: 2.56, y: 2.56}
  m_AdaptiveModeThreshold: 0.5
  m_SpriteTileMode: 0
  m_WasSpriteAssigned: 1
  m_MaskInteraction: 0
  m_SpriteSortPoint: 0
--- !u!1 &7093386925564570142
GameObject:
  m_ObjectHideFlags: 0
  m_CorrespondingSourceObject: {fileID: 0}
  m_PrefabInstance: {fileID: 0}
  m_PrefabAsset: {fileID: 0}
  serializedVersion: 6
  m_Component:
  - component: {fileID: 7093386925564570143}
  - component: {fileID: 7093386925564570140}
  m_Layer: 0
  m_Name: Enemy Spawner
  m_TagString: Untagged
  m_Icon: {fileID: 0}
  m_NavMeshLayer: 0
  m_StaticEditorFlags: 0
  m_IsActive: 1
--- !u!4 &7093386925564570143
Transform:
  m_ObjectHideFlags: 0
  m_CorrespondingSourceObject: {fileID: 0}
  m_PrefabInstance: {fileID: 0}
  m_PrefabAsset: {fileID: 0}
  m_GameObject: {fileID: 7093386925564570142}
  m_LocalRotation: {x: -0, y: -0, z: -0, w: 1}
  m_LocalPosition: {x: 3.45, y: 0, z: 0}
  m_LocalScale: {x: 1, y: 1, z: 1}
  m_Children: []
  m_Father: {fileID: 6677540043892601120}
  m_RootOrder: 3
  m_LocalEulerAnglesHint: {x: 0, y: 0, z: 0}
--- !u!114 &7093386925564570140
MonoBehaviour:
  m_ObjectHideFlags: 0
  m_CorrespondingSourceObject: {fileID: 0}
  m_PrefabInstance: {fileID: 0}
  m_PrefabAsset: {fileID: 0}
  m_GameObject: {fileID: 7093386925564570142}
  m_Enabled: 1
  m_EditorHideFlags: 0
  m_Script: {fileID: 11500000, guid: 7d21586071fa4c078617b75ba3b487d1, type: 3}
  m_Name: 
  m_EditorClassIdentifier: 
  center: {fileID: 6677540043648937622}
  parentCanvas: {fileID: 2121821099}
  radius: 11
--- !u!1 &7093386926176753229
GameObject:
  m_ObjectHideFlags: 0
  m_CorrespondingSourceObject: {fileID: 0}
  m_PrefabInstance: {fileID: 0}
  m_PrefabAsset: {fileID: 0}
  serializedVersion: 6
  m_Component:
  - component: {fileID: 7093386926176753266}
  - component: {fileID: 7093386926176753267}
  m_Layer: 0
  m_Name: Enemy Wave
  m_TagString: Untagged
  m_Icon: {fileID: 0}
  m_NavMeshLayer: 0
  m_StaticEditorFlags: 0
  m_IsActive: 1
--- !u!4 &7093386926176753266
Transform:
  m_ObjectHideFlags: 0
  m_CorrespondingSourceObject: {fileID: 0}
  m_PrefabInstance: {fileID: 0}
  m_PrefabAsset: {fileID: 0}
  m_GameObject: {fileID: 7093386926176753229}
  m_LocalRotation: {x: 0, y: 0, z: 0, w: 1}
  m_LocalPosition: {x: 0, y: 0, z: 0}
  m_LocalScale: {x: 1, y: 1, z: 1}
  m_Children: []
  m_Father: {fileID: 6677540043892601120}
  m_RootOrder: 2
  m_LocalEulerAnglesHint: {x: 0, y: 0, z: 0}
--- !u!114 &7093386926176753267
MonoBehaviour:
  m_ObjectHideFlags: 0
  m_CorrespondingSourceObject: {fileID: 0}
  m_PrefabInstance: {fileID: 0}
  m_PrefabAsset: {fileID: 0}
  m_GameObject: {fileID: 7093386926176753229}
  m_Enabled: 1
  m_EditorHideFlags: 0
  m_Script: {fileID: 11500000, guid: ff500608a3b148ecba76c1351c966f33, type: 3}
  m_Name: 
  m_EditorClassIdentifier: 
  enemySpawners:
  - {fileID: 7093386925564570140}
--- !u!1001 &662772804
PrefabInstance:
  m_ObjectHideFlags: 0
  serializedVersion: 2
  m_Modification:
    m_TransformParent: {fileID: 6677540043892601120}
    m_Modifications:
    - target: {fileID: -4216859302048453862, guid: 8060cc923c1be3540b13ca0b1499d672, type: 3}
      propertyPath: m_RootOrder
      value: 13
      objectReference: {fileID: 0}
    - target: {fileID: -4216859302048453862, guid: 8060cc923c1be3540b13ca0b1499d672, type: 3}
      propertyPath: m_LocalScale.x
      value: 2.7841463
      objectReference: {fileID: 0}
    - target: {fileID: -4216859302048453862, guid: 8060cc923c1be3540b13ca0b1499d672, type: 3}
      propertyPath: m_LocalScale.y
      value: 2.7841463
      objectReference: {fileID: 0}
    - target: {fileID: -4216859302048453862, guid: 8060cc923c1be3540b13ca0b1499d672, type: 3}
      propertyPath: m_LocalScale.z
      value: 2.7841463
      objectReference: {fileID: 0}
    - target: {fileID: -4216859302048453862, guid: 8060cc923c1be3540b13ca0b1499d672, type: 3}
      propertyPath: m_LocalPosition.x
      value: -11.2
      objectReference: {fileID: 0}
    - target: {fileID: -4216859302048453862, guid: 8060cc923c1be3540b13ca0b1499d672, type: 3}
      propertyPath: m_LocalPosition.y
      value: 0.89
      objectReference: {fileID: 0}
    - target: {fileID: -4216859302048453862, guid: 8060cc923c1be3540b13ca0b1499d672, type: 3}
      propertyPath: m_LocalPosition.z
      value: -4.9
      objectReference: {fileID: 0}
    - target: {fileID: -4216859302048453862, guid: 8060cc923c1be3540b13ca0b1499d672, type: 3}
      propertyPath: m_LocalRotation.w
      value: 0.8300635
      objectReference: {fileID: 0}
    - target: {fileID: -4216859302048453862, guid: 8060cc923c1be3540b13ca0b1499d672, type: 3}
      propertyPath: m_LocalRotation.x
      value: -0
      objectReference: {fileID: 0}
    - target: {fileID: -4216859302048453862, guid: 8060cc923c1be3540b13ca0b1499d672, type: 3}
      propertyPath: m_LocalRotation.y
      value: 0.5576689
      objectReference: {fileID: 0}
    - target: {fileID: -4216859302048453862, guid: 8060cc923c1be3540b13ca0b1499d672, type: 3}
      propertyPath: m_LocalRotation.z
      value: -0
      objectReference: {fileID: 0}
    - target: {fileID: -4216859302048453862, guid: 8060cc923c1be3540b13ca0b1499d672, type: 3}
      propertyPath: m_LocalEulerAnglesHint.x
      value: 0
      objectReference: {fileID: 0}
    - target: {fileID: -4216859302048453862, guid: 8060cc923c1be3540b13ca0b1499d672, type: 3}
      propertyPath: m_LocalEulerAnglesHint.y
      value: 67.789
      objectReference: {fileID: 0}
    - target: {fileID: -4216859302048453862, guid: 8060cc923c1be3540b13ca0b1499d672, type: 3}
      propertyPath: m_LocalEulerAnglesHint.z
      value: 0
      objectReference: {fileID: 0}
    - target: {fileID: -927199367670048503, guid: 8060cc923c1be3540b13ca0b1499d672, type: 3}
      propertyPath: m_Name
      value: SM_ENV_PLANT_leaf_village (2)
      objectReference: {fileID: 0}
    m_RemovedComponents: []
  m_SourcePrefab: {fileID: 100100000, guid: 8060cc923c1be3540b13ca0b1499d672, type: 3}
--- !u!4 &5006512735418627934 stripped
Transform:
  m_CorrespondingSourceObject: {fileID: -4216859302048453862, guid: 8060cc923c1be3540b13ca0b1499d672, type: 3}
  m_PrefabInstance: {fileID: 662772804}
  m_PrefabAsset: {fileID: 0}
--- !u!1001 &1331946028
PrefabInstance:
  m_ObjectHideFlags: 0
  serializedVersion: 2
  m_Modification:
    m_TransformParent: {fileID: 6677540043892601120}
    m_Modifications:
    - target: {fileID: -4216859302048453862, guid: 8060cc923c1be3540b13ca0b1499d672, type: 3}
      propertyPath: m_RootOrder
      value: 15
      objectReference: {fileID: 0}
    - target: {fileID: -4216859302048453862, guid: 8060cc923c1be3540b13ca0b1499d672, type: 3}
      propertyPath: m_LocalScale.x
      value: 2.0881097
      objectReference: {fileID: 0}
    - target: {fileID: -4216859302048453862, guid: 8060cc923c1be3540b13ca0b1499d672, type: 3}
      propertyPath: m_LocalScale.y
      value: 2.0881097
      objectReference: {fileID: 0}
    - target: {fileID: -4216859302048453862, guid: 8060cc923c1be3540b13ca0b1499d672, type: 3}
      propertyPath: m_LocalScale.z
      value: 2.0881097
      objectReference: {fileID: 0}
    - target: {fileID: -4216859302048453862, guid: 8060cc923c1be3540b13ca0b1499d672, type: 3}
      propertyPath: m_LocalPosition.x
      value: -11.9
      objectReference: {fileID: 0}
    - target: {fileID: -4216859302048453862, guid: 8060cc923c1be3540b13ca0b1499d672, type: 3}
      propertyPath: m_LocalPosition.y
      value: 0.89
      objectReference: {fileID: 0}
    - target: {fileID: -4216859302048453862, guid: 8060cc923c1be3540b13ca0b1499d672, type: 3}
      propertyPath: m_LocalPosition.z
      value: 0.3
      objectReference: {fileID: 0}
    - target: {fileID: -4216859302048453862, guid: 8060cc923c1be3540b13ca0b1499d672, type: 3}
      propertyPath: m_LocalRotation.w
      value: 0.99341834
      objectReference: {fileID: 0}
    - target: {fileID: -4216859302048453862, guid: 8060cc923c1be3540b13ca0b1499d672, type: 3}
      propertyPath: m_LocalRotation.x
      value: -0
      objectReference: {fileID: 0}
    - target: {fileID: -4216859302048453862, guid: 8060cc923c1be3540b13ca0b1499d672, type: 3}
      propertyPath: m_LocalRotation.y
      value: -0.11454277
      objectReference: {fileID: 0}
    - target: {fileID: -4216859302048453862, guid: 8060cc923c1be3540b13ca0b1499d672, type: 3}
      propertyPath: m_LocalRotation.z
      value: -0
      objectReference: {fileID: 0}
    - target: {fileID: -4216859302048453862, guid: 8060cc923c1be3540b13ca0b1499d672, type: 3}
      propertyPath: m_LocalEulerAnglesHint.x
      value: 0
      objectReference: {fileID: 0}
    - target: {fileID: -4216859302048453862, guid: 8060cc923c1be3540b13ca0b1499d672, type: 3}
      propertyPath: m_LocalEulerAnglesHint.y
      value: -13.155
      objectReference: {fileID: 0}
    - target: {fileID: -4216859302048453862, guid: 8060cc923c1be3540b13ca0b1499d672, type: 3}
      propertyPath: m_LocalEulerAnglesHint.z
      value: 0
      objectReference: {fileID: 0}
    - target: {fileID: -927199367670048503, guid: 8060cc923c1be3540b13ca0b1499d672, type: 3}
      propertyPath: m_Name
      value: SM_ENV_PLANT_leaf_village (4)
      objectReference: {fileID: 0}
    m_RemovedComponents: []
  m_SourcePrefab: {fileID: 100100000, guid: 8060cc923c1be3540b13ca0b1499d672, type: 3}
--- !u!4 &5006512736104499510 stripped
Transform:
  m_CorrespondingSourceObject: {fileID: -4216859302048453862, guid: 8060cc923c1be3540b13ca0b1499d672, type: 3}
  m_PrefabInstance: {fileID: 1331946028}
  m_PrefabAsset: {fileID: 0}
--- !u!1001 &1663930427
PrefabInstance:
  m_ObjectHideFlags: 0
  serializedVersion: 2
  m_Modification:
    m_TransformParent: {fileID: 6677540043892601120}
    m_Modifications:
    - target: {fileID: -4216859302048453862, guid: 8060cc923c1be3540b13ca0b1499d672, type: 3}
      propertyPath: m_RootOrder
      value: 12
      objectReference: {fileID: 0}
    - target: {fileID: -4216859302048453862, guid: 8060cc923c1be3540b13ca0b1499d672, type: 3}
      propertyPath: m_LocalScale.x
      value: 5.030074
      objectReference: {fileID: 0}
    - target: {fileID: -4216859302048453862, guid: 8060cc923c1be3540b13ca0b1499d672, type: 3}
      propertyPath: m_LocalScale.y
      value: 5.0300746
      objectReference: {fileID: 0}
    - target: {fileID: -4216859302048453862, guid: 8060cc923c1be3540b13ca0b1499d672, type: 3}
      propertyPath: m_LocalScale.z
      value: 5.030074
      objectReference: {fileID: 0}
    - target: {fileID: -4216859302048453862, guid: 8060cc923c1be3540b13ca0b1499d672, type: 3}
      propertyPath: m_LocalPosition.x
      value: 20.1
      objectReference: {fileID: 0}
    - target: {fileID: -4216859302048453862, guid: 8060cc923c1be3540b13ca0b1499d672, type: 3}
      propertyPath: m_LocalPosition.y
      value: 0.89
      objectReference: {fileID: 0}
    - target: {fileID: -4216859302048453862, guid: 8060cc923c1be3540b13ca0b1499d672, type: 3}
      propertyPath: m_LocalPosition.z
      value: -7.8
      objectReference: {fileID: 0}
    - target: {fileID: -4216859302048453862, guid: 8060cc923c1be3540b13ca0b1499d672, type: 3}
      propertyPath: m_LocalRotation.w
      value: 0.71745867
      objectReference: {fileID: 0}
    - target: {fileID: -4216859302048453862, guid: 8060cc923c1be3540b13ca0b1499d672, type: 3}
      propertyPath: m_LocalRotation.x
      value: -0
      objectReference: {fileID: 0}
    - target: {fileID: -4216859302048453862, guid: 8060cc923c1be3540b13ca0b1499d672, type: 3}
      propertyPath: m_LocalRotation.y
      value: 0.6966011
      objectReference: {fileID: 0}
    - target: {fileID: -4216859302048453862, guid: 8060cc923c1be3540b13ca0b1499d672, type: 3}
      propertyPath: m_LocalRotation.z
      value: -0
      objectReference: {fileID: 0}
    - target: {fileID: -4216859302048453862, guid: 8060cc923c1be3540b13ca0b1499d672, type: 3}
      propertyPath: m_LocalEulerAnglesHint.x
      value: 0
      objectReference: {fileID: 0}
    - target: {fileID: -4216859302048453862, guid: 8060cc923c1be3540b13ca0b1499d672, type: 3}
      propertyPath: m_LocalEulerAnglesHint.y
      value: 88.31
      objectReference: {fileID: 0}
    - target: {fileID: -4216859302048453862, guid: 8060cc923c1be3540b13ca0b1499d672, type: 3}
      propertyPath: m_LocalEulerAnglesHint.z
      value: 0
      objectReference: {fileID: 0}
    - target: {fileID: -927199367670048503, guid: 8060cc923c1be3540b13ca0b1499d672, type: 3}
      propertyPath: m_Name
      value: SM_ENV_PLANT_leaf_village (1)
      objectReference: {fileID: 0}
    m_RemovedComponents: []
  m_SourcePrefab: {fileID: 100100000, guid: 8060cc923c1be3540b13ca0b1499d672, type: 3}
--- !u!4 &5006512736435452705 stripped
Transform:
  m_CorrespondingSourceObject: {fileID: -4216859302048453862, guid: 8060cc923c1be3540b13ca0b1499d672, type: 3}
  m_PrefabInstance: {fileID: 1663930427}
  m_PrefabAsset: {fileID: 0}
--- !u!1001 &2068946106
PrefabInstance:
  m_ObjectHideFlags: 0
  serializedVersion: 2
  m_Modification:
    m_TransformParent: {fileID: 6677540043892601120}
    m_Modifications:
    - target: {fileID: -4216859302048453862, guid: 8060cc923c1be3540b13ca0b1499d672, type: 3}
      propertyPath: m_RootOrder
      value: 14
      objectReference: {fileID: 0}
    - target: {fileID: -4216859302048453862, guid: 8060cc923c1be3540b13ca0b1499d672, type: 3}
      propertyPath: m_LocalScale.x
      value: 2.7841463
      objectReference: {fileID: 0}
    - target: {fileID: -4216859302048453862, guid: 8060cc923c1be3540b13ca0b1499d672, type: 3}
      propertyPath: m_LocalScale.y
      value: 2.7841463
      objectReference: {fileID: 0}
    - target: {fileID: -4216859302048453862, guid: 8060cc923c1be3540b13ca0b1499d672, type: 3}
      propertyPath: m_LocalScale.z
      value: 2.7841463
      objectReference: {fileID: 0}
    - target: {fileID: -4216859302048453862, guid: 8060cc923c1be3540b13ca0b1499d672, type: 3}
      propertyPath: m_LocalPosition.x
      value: -10.4
      objectReference: {fileID: 0}
    - target: {fileID: -4216859302048453862, guid: 8060cc923c1be3540b13ca0b1499d672, type: 3}
      propertyPath: m_LocalPosition.y
      value: 0.89
      objectReference: {fileID: 0}
    - target: {fileID: -4216859302048453862, guid: 8060cc923c1be3540b13ca0b1499d672, type: 3}
      propertyPath: m_LocalPosition.z
      value: 5.7
      objectReference: {fileID: 0}
    - target: {fileID: -4216859302048453862, guid: 8060cc923c1be3540b13ca0b1499d672, type: 3}
      propertyPath: m_LocalRotation.w
      value: 0.9990383
      objectReference: {fileID: 0}
    - target: {fileID: -4216859302048453862, guid: 8060cc923c1be3540b13ca0b1499d672, type: 3}
      propertyPath: m_LocalRotation.x
      value: -0
      objectReference: {fileID: 0}
    - target: {fileID: -4216859302048453862, guid: 8060cc923c1be3540b13ca0b1499d672, type: 3}
      propertyPath: m_LocalRotation.y
      value: 0.04384588
      objectReference: {fileID: 0}
    - target: {fileID: -4216859302048453862, guid: 8060cc923c1be3540b13ca0b1499d672, type: 3}
      propertyPath: m_LocalRotation.z
      value: -0
      objectReference: {fileID: 0}
    - target: {fileID: -4216859302048453862, guid: 8060cc923c1be3540b13ca0b1499d672, type: 3}
      propertyPath: m_LocalEulerAnglesHint.x
      value: 0
      objectReference: {fileID: 0}
    - target: {fileID: -4216859302048453862, guid: 8060cc923c1be3540b13ca0b1499d672, type: 3}
      propertyPath: m_LocalEulerAnglesHint.y
      value: 5.026
      objectReference: {fileID: 0}
    - target: {fileID: -4216859302048453862, guid: 8060cc923c1be3540b13ca0b1499d672, type: 3}
      propertyPath: m_LocalEulerAnglesHint.z
      value: 0
      objectReference: {fileID: 0}
    - target: {fileID: -927199367670048503, guid: 8060cc923c1be3540b13ca0b1499d672, type: 3}
      propertyPath: m_Name
      value: SM_ENV_PLANT_leaf_village (3)
      objectReference: {fileID: 0}
    m_RemovedComponents: []
  m_SourcePrefab: {fileID: 100100000, guid: 8060cc923c1be3540b13ca0b1499d672, type: 3}
--- !u!4 &5006512736839415712 stripped
Transform:
  m_CorrespondingSourceObject: {fileID: -4216859302048453862, guid: 8060cc923c1be3540b13ca0b1499d672, type: 3}
  m_PrefabInstance: {fileID: 2068946106}
  m_PrefabAsset: {fileID: 0}
--- !u!1001 &2134560097
PrefabInstance:
  m_ObjectHideFlags: 0
  serializedVersion: 2
  m_Modification:
    m_TransformParent: {fileID: 6677540043892601120}
    m_Modifications:
    - target: {fileID: -4216859302048453862, guid: 8060cc923c1be3540b13ca0b1499d672, type: 3}
      propertyPath: m_RootOrder
      value: 11
      objectReference: {fileID: 0}
    - target: {fileID: -4216859302048453862, guid: 8060cc923c1be3540b13ca0b1499d672, type: 3}
      propertyPath: m_LocalScale.x
      value: 5.0300746
      objectReference: {fileID: 0}
    - target: {fileID: -4216859302048453862, guid: 8060cc923c1be3540b13ca0b1499d672, type: 3}
      propertyPath: m_LocalScale.y
      value: 5.0300746
      objectReference: {fileID: 0}
    - target: {fileID: -4216859302048453862, guid: 8060cc923c1be3540b13ca0b1499d672, type: 3}
      propertyPath: m_LocalScale.z
      value: 5.0300746
      objectReference: {fileID: 0}
    - target: {fileID: -4216859302048453862, guid: 8060cc923c1be3540b13ca0b1499d672, type: 3}
      propertyPath: m_LocalPosition.x
      value: 18
      objectReference: {fileID: 0}
    - target: {fileID: -4216859302048453862, guid: 8060cc923c1be3540b13ca0b1499d672, type: 3}
      propertyPath: m_LocalPosition.y
      value: 0.89
      objectReference: {fileID: 0}
    - target: {fileID: -4216859302048453862, guid: 8060cc923c1be3540b13ca0b1499d672, type: 3}
      propertyPath: m_LocalPosition.z
      value: 8
      objectReference: {fileID: 0}
    - target: {fileID: -4216859302048453862, guid: 8060cc923c1be3540b13ca0b1499d672, type: 3}
      propertyPath: m_LocalRotation.w
      value: 1
      objectReference: {fileID: 0}
    - target: {fileID: -4216859302048453862, guid: 8060cc923c1be3540b13ca0b1499d672, type: 3}
      propertyPath: m_LocalRotation.x
      value: -0
      objectReference: {fileID: 0}
    - target: {fileID: -4216859302048453862, guid: 8060cc923c1be3540b13ca0b1499d672, type: 3}
      propertyPath: m_LocalRotation.y
      value: -0
      objectReference: {fileID: 0}
    - target: {fileID: -4216859302048453862, guid: 8060cc923c1be3540b13ca0b1499d672, type: 3}
      propertyPath: m_LocalRotation.z
      value: -0
      objectReference: {fileID: 0}
    - target: {fileID: -4216859302048453862, guid: 8060cc923c1be3540b13ca0b1499d672, type: 3}
      propertyPath: m_LocalEulerAnglesHint.x
      value: 0
      objectReference: {fileID: 0}
    - target: {fileID: -4216859302048453862, guid: 8060cc923c1be3540b13ca0b1499d672, type: 3}
      propertyPath: m_LocalEulerAnglesHint.y
      value: 0
      objectReference: {fileID: 0}
    - target: {fileID: -4216859302048453862, guid: 8060cc923c1be3540b13ca0b1499d672, type: 3}
      propertyPath: m_LocalEulerAnglesHint.z
      value: 0
      objectReference: {fileID: 0}
    - target: {fileID: -927199367670048503, guid: 8060cc923c1be3540b13ca0b1499d672, type: 3}
      propertyPath: m_Name
      value: SM_ENV_PLANT_leaf_village
      objectReference: {fileID: 0}
    m_RemovedComponents: []
  m_SourcePrefab: {fileID: 100100000, guid: 8060cc923c1be3540b13ca0b1499d672, type: 3}
--- !u!4 &5006512736904111739 stripped
Transform:
  m_CorrespondingSourceObject: {fileID: -4216859302048453862, guid: 8060cc923c1be3540b13ca0b1499d672, type: 3}
  m_PrefabInstance: {fileID: 2134560097}
  m_PrefabAsset: {fileID: 0}
--- !u!1001 &621792170991508731
PrefabInstance:
  m_ObjectHideFlags: 0
  serializedVersion: 2
  m_Modification:
    m_TransformParent: {fileID: 6677540043892601120}
    m_Modifications:
    - target: {fileID: 627478132685073296, guid: 20513d83f21028b419d3989054556b84, type: 3}
      propertyPath: m_Name
      value: Tap Upgrade Presenter
      objectReference: {fileID: 0}
    - target: {fileID: 627478132685073302, guid: 20513d83f21028b419d3989054556b84, type: 3}
      propertyPath: m_RootOrder
      value: 16
      objectReference: {fileID: 0}
    - target: {fileID: 627478132685073302, guid: 20513d83f21028b419d3989054556b84, type: 3}
      propertyPath: m_LocalPosition.x
      value: 0
      objectReference: {fileID: 0}
    - target: {fileID: 627478132685073302, guid: 20513d83f21028b419d3989054556b84, type: 3}
      propertyPath: m_LocalPosition.y
      value: 0
      objectReference: {fileID: 0}
    - target: {fileID: 627478132685073302, guid: 20513d83f21028b419d3989054556b84, type: 3}
      propertyPath: m_LocalPosition.z
      value: 0
      objectReference: {fileID: 0}
    - target: {fileID: 627478132685073302, guid: 20513d83f21028b419d3989054556b84, type: 3}
      propertyPath: m_LocalRotation.w
      value: 1
      objectReference: {fileID: 0}
    - target: {fileID: 627478132685073302, guid: 20513d83f21028b419d3989054556b84, type: 3}
      propertyPath: m_LocalRotation.x
      value: 0
      objectReference: {fileID: 0}
    - target: {fileID: 627478132685073302, guid: 20513d83f21028b419d3989054556b84, type: 3}
      propertyPath: m_LocalRotation.y
      value: 0
      objectReference: {fileID: 0}
    - target: {fileID: 627478132685073302, guid: 20513d83f21028b419d3989054556b84, type: 3}
      propertyPath: m_LocalRotation.z
      value: 0
      objectReference: {fileID: 0}
    - target: {fileID: 627478132685073302, guid: 20513d83f21028b419d3989054556b84, type: 3}
      propertyPath: m_LocalEulerAnglesHint.x
      value: 0
      objectReference: {fileID: 0}
    - target: {fileID: 627478132685073302, guid: 20513d83f21028b419d3989054556b84, type: 3}
      propertyPath: m_LocalEulerAnglesHint.y
      value: 0
      objectReference: {fileID: 0}
    - target: {fileID: 627478132685073302, guid: 20513d83f21028b419d3989054556b84, type: 3}
      propertyPath: m_LocalEulerAnglesHint.z
      value: 0
      objectReference: {fileID: 0}
    m_RemovedComponents: []
  m_SourcePrefab: {fileID: 100100000, guid: 20513d83f21028b419d3989054556b84, type: 3}
--- !u!4 &5713779259455341 stripped
Transform:
  m_CorrespondingSourceObject: {fileID: 627478132685073302, guid: 20513d83f21028b419d3989054556b84, type: 3}
  m_PrefabInstance: {fileID: 621792170991508731}
  m_PrefabAsset: {fileID: 0}
--- !u!1001 &2047521587415816690
PrefabInstance:
  m_ObjectHideFlags: 0
  serializedVersion: 2
  m_Modification:
    m_TransformParent: {fileID: 6677540043892601120}
    m_Modifications:
    - target: {fileID: 2047521588787901013, guid: f9b1c5858f9e9124294fb1446950e05e, type: 3}
      propertyPath: m_Name
      value: Meta Canvas
      objectReference: {fileID: 0}
    - target: {fileID: 2047521588787901017, guid: f9b1c5858f9e9124294fb1446950e05e, type: 3}
      propertyPath: m_Pivot.x
      value: 0
      objectReference: {fileID: 0}
    - target: {fileID: 2047521588787901017, guid: f9b1c5858f9e9124294fb1446950e05e, type: 3}
      propertyPath: m_Pivot.y
      value: 0
      objectReference: {fileID: 0}
    - target: {fileID: 2047521588787901017, guid: f9b1c5858f9e9124294fb1446950e05e, type: 3}
      propertyPath: m_RootOrder
      value: 8
      objectReference: {fileID: 0}
    - target: {fileID: 2047521588787901017, guid: f9b1c5858f9e9124294fb1446950e05e, type: 3}
      propertyPath: m_AnchorMax.x
      value: 0
      objectReference: {fileID: 0}
    - target: {fileID: 2047521588787901017, guid: f9b1c5858f9e9124294fb1446950e05e, type: 3}
      propertyPath: m_AnchorMax.y
      value: 0
      objectReference: {fileID: 0}
    - target: {fileID: 2047521588787901017, guid: f9b1c5858f9e9124294fb1446950e05e, type: 3}
      propertyPath: m_AnchorMin.x
      value: 0
      objectReference: {fileID: 0}
    - target: {fileID: 2047521588787901017, guid: f9b1c5858f9e9124294fb1446950e05e, type: 3}
      propertyPath: m_AnchorMin.y
      value: 0
      objectReference: {fileID: 0}
    - target: {fileID: 2047521588787901017, guid: f9b1c5858f9e9124294fb1446950e05e, type: 3}
      propertyPath: m_SizeDelta.x
      value: 0
      objectReference: {fileID: 0}
    - target: {fileID: 2047521588787901017, guid: f9b1c5858f9e9124294fb1446950e05e, type: 3}
      propertyPath: m_SizeDelta.y
      value: 0
      objectReference: {fileID: 0}
    - target: {fileID: 2047521588787901017, guid: f9b1c5858f9e9124294fb1446950e05e, type: 3}
      propertyPath: m_LocalPosition.x
      value: 0
      objectReference: {fileID: 0}
    - target: {fileID: 2047521588787901017, guid: f9b1c5858f9e9124294fb1446950e05e, type: 3}
      propertyPath: m_LocalPosition.y
      value: 0
      objectReference: {fileID: 0}
    - target: {fileID: 2047521588787901017, guid: f9b1c5858f9e9124294fb1446950e05e, type: 3}
      propertyPath: m_LocalPosition.z
      value: 0
      objectReference: {fileID: 0}
    - target: {fileID: 2047521588787901017, guid: f9b1c5858f9e9124294fb1446950e05e, type: 3}
      propertyPath: m_LocalRotation.w
      value: 1
      objectReference: {fileID: 0}
    - target: {fileID: 2047521588787901017, guid: f9b1c5858f9e9124294fb1446950e05e, type: 3}
      propertyPath: m_LocalRotation.x
      value: 0
      objectReference: {fileID: 0}
    - target: {fileID: 2047521588787901017, guid: f9b1c5858f9e9124294fb1446950e05e, type: 3}
      propertyPath: m_LocalRotation.y
      value: 0
      objectReference: {fileID: 0}
    - target: {fileID: 2047521588787901017, guid: f9b1c5858f9e9124294fb1446950e05e, type: 3}
      propertyPath: m_LocalRotation.z
      value: 0
      objectReference: {fileID: 0}
    - target: {fileID: 2047521588787901017, guid: f9b1c5858f9e9124294fb1446950e05e, type: 3}
      propertyPath: m_AnchoredPosition.x
      value: 0
      objectReference: {fileID: 0}
    - target: {fileID: 2047521588787901017, guid: f9b1c5858f9e9124294fb1446950e05e, type: 3}
      propertyPath: m_AnchoredPosition.y
      value: 0
      objectReference: {fileID: 0}
    - target: {fileID: 2047521588787901017, guid: f9b1c5858f9e9124294fb1446950e05e, type: 3}
      propertyPath: m_LocalEulerAnglesHint.x
      value: 0
      objectReference: {fileID: 0}
    - target: {fileID: 2047521588787901017, guid: f9b1c5858f9e9124294fb1446950e05e, type: 3}
      propertyPath: m_LocalEulerAnglesHint.y
      value: 0
      objectReference: {fileID: 0}
    - target: {fileID: 2047521588787901017, guid: f9b1c5858f9e9124294fb1446950e05e, type: 3}
      propertyPath: m_LocalEulerAnglesHint.z
      value: 0
      objectReference: {fileID: 0}
    m_RemovedComponents: []
  m_SourcePrefab: {fileID: 100100000, guid: f9b1c5858f9e9124294fb1446950e05e, type: 3}
--- !u!224 &2121821099 stripped
RectTransform:
  m_CorrespondingSourceObject: {fileID: 2047521588787901017, guid: f9b1c5858f9e9124294fb1446950e05e, type: 3}
  m_PrefabInstance: {fileID: 2047521587415816690}
  m_PrefabAsset: {fileID: 0}
--- !u!114 &2121821100 stripped
MonoBehaviour:
  m_CorrespondingSourceObject: {fileID: 2047521588787901022, guid: f9b1c5858f9e9124294fb1446950e05e, type: 3}
  m_PrefabInstance: {fileID: 2047521587415816690}
  m_PrefabAsset: {fileID: 0}
  m_GameObject: {fileID: 0}
  m_Enabled: 1
  m_EditorHideFlags: 0
  m_Script: {fileID: 11500000, guid: 359bc1338f664440aaaa8fe8c9118b57, type: 3}
  m_Name: 
  m_EditorClassIdentifier: 
--- !u!1001 &4381345704381794171
PrefabInstance:
  m_ObjectHideFlags: 0
  serializedVersion: 2
  m_Modification:
    m_TransformParent: {fileID: 6677540043892601120}
    m_Modifications:
    - target: {fileID: 3977230420035940840, guid: a59624a9075d42948b516a1e7538560e, type: 3}
      propertyPath: m_RootOrder
      value: 4
      objectReference: {fileID: 0}
    - target: {fileID: 3977230420035940840, guid: a59624a9075d42948b516a1e7538560e, type: 3}
      propertyPath: m_LocalPosition.x
      value: -7.45
      objectReference: {fileID: 0}
    - target: {fileID: 3977230420035940840, guid: a59624a9075d42948b516a1e7538560e, type: 3}
      propertyPath: m_LocalPosition.y
      value: 26.76
      objectReference: {fileID: 0}
    - target: {fileID: 3977230420035940840, guid: a59624a9075d42948b516a1e7538560e, type: 3}
      propertyPath: m_LocalRotation.w
      value: 0.5783594
      objectReference: {fileID: 0}
    - target: {fileID: 3977230420035940840, guid: a59624a9075d42948b516a1e7538560e, type: 3}
      propertyPath: m_LocalRotation.x
      value: 0.40496898
      objectReference: {fileID: 0}
    - target: {fileID: 3977230420035940840, guid: a59624a9075d42948b516a1e7538560e, type: 3}
      propertyPath: m_LocalRotation.y
      value: 0.58009523
      objectReference: {fileID: 0}
    - target: {fileID: 3977230420035940840, guid: a59624a9075d42948b516a1e7538560e, type: 3}
      propertyPath: m_LocalRotation.z
      value: -0.40618962
      objectReference: {fileID: 0}
    - target: {fileID: 3977230420035940840, guid: a59624a9075d42948b516a1e7538560e, type: 3}
      propertyPath: m_LocalEulerAnglesHint.x
      value: 70
      objectReference: {fileID: 0}
    - target: {fileID: 3977230420035940840, guid: a59624a9075d42948b516a1e7538560e, type: 3}
      propertyPath: m_LocalEulerAnglesHint.y
      value: 90.171005
      objectReference: {fileID: 0}
    - target: {fileID: 3977230420035940840, guid: a59624a9075d42948b516a1e7538560e, type: 3}
      propertyPath: m_LocalEulerAnglesHint.z
      value: -0.001
      objectReference: {fileID: 0}
    - target: {fileID: 3977230420035940841, guid: a59624a9075d42948b516a1e7538560e, type: 3}
      propertyPath: tapSprite
      value: 
      objectReference: {fileID: 7093386925385174462}
    - target: {fileID: 3977230420035940845, guid: a59624a9075d42948b516a1e7538560e, type: 3}
      propertyPath: m_Name
      value: Main Camera
      objectReference: {fileID: 0}
    m_RemovedComponents: []
  m_SourcePrefab: {fileID: 100100000, guid: a59624a9075d42948b516a1e7538560e, type: 3}
--- !u!4 &863670003264845459 stripped
Transform:
  m_CorrespondingSourceObject: {fileID: 3977230420035940840, guid: a59624a9075d42948b516a1e7538560e, type: 3}
  m_PrefabInstance: {fileID: 4381345704381794171}
  m_PrefabAsset: {fileID: 0}
--- !u!1 &863670003264845462 stripped
GameObject:
  m_CorrespondingSourceObject: {fileID: 3977230420035940845, guid: a59624a9075d42948b516a1e7538560e, type: 3}
  m_PrefabInstance: {fileID: 4381345704381794171}
  m_PrefabAsset: {fileID: 0}
--- !u!114 &6662240878039510214
MonoBehaviour:
  m_ObjectHideFlags: 0
  m_CorrespondingSourceObject: {fileID: 0}
  m_PrefabInstance: {fileID: 0}
  m_PrefabAsset: {fileID: 0}
  m_GameObject: {fileID: 863670003264845462}
  m_Enabled: 1
  m_EditorHideFlags: 0
  m_Script: {fileID: 11500000, guid: a79441f348de89743a2939f4d699eac1, type: 3}
  m_Name: 
  m_EditorClassIdentifier: 
  m_RenderShadows: 1
  m_RequiresDepthTextureOption: 2
  m_RequiresOpaqueTextureOption: 2
  m_CameraType: 0
  m_Cameras: []
  m_RendererIndex: -1
  m_VolumeLayerMask:
    serializedVersion: 2
    m_Bits: 1
  m_VolumeTrigger: {fileID: 0}
  m_VolumeFrameworkUpdateModeOption: 2
  m_RenderPostProcessing: 0
  m_Antialiasing: 0
  m_AntialiasingQuality: 2
  m_StopNaN: 0
  m_Dithering: 0
  m_ClearDepth: 1
  m_AllowXRRendering: 1
  m_RequiresDepthTexture: 0
  m_RequiresColorTexture: 0
  m_Version: 2
--- !u!1001 &8765406552958342820
PrefabInstance:
  m_ObjectHideFlags: 0
  serializedVersion: 2
  m_Modification:
    m_TransformParent: {fileID: 6677540043892601120}
    m_Modifications:
    - target: {fileID: 707553233, guid: c2568de99d5951445bbd88cca93b766c, type: 3}
      propertyPath: m_Mesh
      value: 
      objectReference: {fileID: 0}
    - target: {fileID: 1675826408, guid: c2568de99d5951445bbd88cca93b766c, type: 3}
      propertyPath: m_Mesh
      value: 
      objectReference: {fileID: 0}
    - target: {fileID: 2670521999344973874, guid: c2568de99d5951445bbd88cca93b766c, type: 3}
      propertyPath: m_RootOrder
      value: 1
      objectReference: {fileID: 0}
    - target: {fileID: 2670521999344973874, guid: c2568de99d5951445bbd88cca93b766c, type: 3}
      propertyPath: m_LocalPosition.x
      value: 3.16
      objectReference: {fileID: 0}
    - target: {fileID: 2670521999344973874, guid: c2568de99d5951445bbd88cca93b766c, type: 3}
      propertyPath: m_LocalPosition.y
      value: 0.498
      objectReference: {fileID: 0}
    - target: {fileID: 2670521999344973874, guid: c2568de99d5951445bbd88cca93b766c, type: 3}
      propertyPath: m_LocalPosition.z
      value: 0.03
      objectReference: {fileID: 0}
    - target: {fileID: 2670521999344973874, guid: c2568de99d5951445bbd88cca93b766c, type: 3}
      propertyPath: m_LocalRotation.w
      value: 1
      objectReference: {fileID: 0}
    - target: {fileID: 2670521999344973874, guid: c2568de99d5951445bbd88cca93b766c, type: 3}
      propertyPath: m_LocalRotation.x
      value: 0
      objectReference: {fileID: 0}
    - target: {fileID: 2670521999344973874, guid: c2568de99d5951445bbd88cca93b766c, type: 3}
      propertyPath: m_LocalRotation.y
      value: 0
      objectReference: {fileID: 0}
    - target: {fileID: 2670521999344973874, guid: c2568de99d5951445bbd88cca93b766c, type: 3}
      propertyPath: m_LocalRotation.z
      value: 0
      objectReference: {fileID: 0}
    - target: {fileID: 2670521999344973874, guid: c2568de99d5951445bbd88cca93b766c, type: 3}
      propertyPath: m_LocalEulerAnglesHint.x
      value: 0
      objectReference: {fileID: 0}
    - target: {fileID: 2670521999344973874, guid: c2568de99d5951445bbd88cca93b766c, type: 3}
      propertyPath: m_LocalEulerAnglesHint.y
      value: 0
      objectReference: {fileID: 0}
    - target: {fileID: 2670521999344973874, guid: c2568de99d5951445bbd88cca93b766c, type: 3}
      propertyPath: m_LocalEulerAnglesHint.z
      value: 0
      objectReference: {fileID: 0}
    - target: {fileID: 2670521999344973875, guid: c2568de99d5951445bbd88cca93b766c, type: 3}
      propertyPath: m_Name
      value: Zone
      objectReference: {fileID: 0}
    - target: {fileID: 8765406554428763659, guid: c2568de99d5951445bbd88cca93b766c, type: 3}
      propertyPath: m_Mesh
      value: 
      objectReference: {fileID: 0}
    m_RemovedComponents: []
  m_SourcePrefab: {fileID: 100100000, guid: c2568de99d5951445bbd88cca93b766c, type: 3}
--- !u!4 &6677540043648937622 stripped
Transform:
  m_CorrespondingSourceObject: {fileID: 2670521999344973874, guid: c2568de99d5951445bbd88cca93b766c, type: 3}
  m_PrefabInstance: {fileID: 8765406552958342820}
  m_PrefabAsset: {fileID: 0}
